2122 3728
385 112 508 171 LIBER
528 112 591 170 III.
835 110 912 168 xxix

56 271 192 331 conterat
200 271 338 330 Ovidium
343 271 409 329 Am.
418 275 444 328 3.
452 275 479 330 9.
488 275 538 343 59;
549 269 580 328 Si
585 272 684 328 tamen
693 289 708 328 e
716 268 800 327 nobis
805 267 915 344 aliquid

55 371 115 429 nisi
129 389 237 428 nomen
250 373 281 429 et
293 371 395 428 umbra
408 369 516 442 1133333,
533 369 565 427 111
578 367 679 445 Elysia
687 369 764 427 valle
778 368 914 426 Tibullus

55 470 123 529 erit.
166 469 260 528 Nemo
272 468 305 526 in
322 471 384 526 arte
399 468 499 527 critica
516 467 574 526 tiro
590 468 659 526 adeo
675 467 757 525 rudis
771 465 827 525 erit
841 467 913 543 quin

56 569 158 627 videat
171 568 296 627 scribam
308 568 418 644 aliquid
430 588 482 645 pro
497 567 627 625 subiecto
649 565 838 641 accipientem
848 585 912 623 mu-

55 667 166 725 tavisse
179 665 342 725 recludimus
360 664 542 725 inrectabitt
556 665 674 724 vel
617 684 660 723 rac
663 665 763 722 3333113
783 663 889 740 quod
880 684 912 721 1n

56 765 215 824 editionem
226 785 308 824 suam
318 767 472 824 secundam
482 765 702 823 Lachmannum
711 763 853 864 recepisse
861 764 912 821 do-

55 863 178 921 lendum
196 867 250 923 est
288 868 333 922 34.
351 869 397 923 54
404 865 529 941 flumina
543 864 582 924 N
618 867 664 922 34.
682 823 857 940 dxvirqilio
871 863 909 920 N.

97 967 144 1020 34.
169 963 399 1035 8333131111,
424 963 465 1021 H.
514 963 661 1021 cudraed.
717 962 909 1020 Sensusest.

57 1061 85 1118 Ν
86 1080 128 1132 ec,
145 1064 181 1119 tu
195 1061 317 1136 Vergili,
330 1061 472 1120 minorem
479 1061 587 1120 famam
601 1060 684 1119 ducis
698 1080 736 1119 ex
753 1060 808 1132 his,
823 1079 911 1133 nugrs

57 1159 206 1218 amatoriis
227 1160 288 1220 soil.
311 1179 398 1236 quam
419 1180 481 1235 ego.
522 1159 602 1218 Hace
621 1159 653 1217 in
671 1164 717 1232 81,
734 1164 781 1231 85,
797 1158 845 1231 37,
861 1162 908 1231 89,

56 1258 175 1315 nullum
196 1257 287 1316 elium
308 1278 424 1317 sensum
445 1259 545 1318 habet.
586 1259 625 1316 In
648 1259 703 1316 hoc
729 1277 816 1316 versu
838 1260 910 1333 puto

13 1404 16 1410 .
57 1356 181 1414 scribam
208 1357 244 1414 de
272 1359 419 1416 structura
446 1359 614 1434 ἀποροῦντα,
642 1361 672 1416 33
699 1356 910 1415 desiderantem

57 1454 275 1513 substantivum
286 1456 322 1514 ad
336 1456 415 1532 quod
422 1455 545 1515 referret
553 1456 597 1514 lla
614 1455 773 1514 mutavisse
789 1454 911 1513 cadisin

56 1555 168 1613 calmis.
183 1554 236 1612 alm
246 1554 284 1625 N,
295 1554 322 1612 ac'
333 1554 374 1611 H.
397 1555 437 1612 sic
451 1554 496 1613 ed.
511 1556 657 1614 minorare
672 1573 786 1612 canorus
800 1573 855 1612 om.
868 1553 907 1611 N.

321 1711 446 1770 LIBER
465 1711 650 1772 TERTIUS.

98 1853 124 1907 1.
150 1853 196 1908 11.
218 1869 331 1909 caurum
344 1851 382 1911 N.
437 1854 463 1909 1.
488 1855 533 1909 19.
556 1853 617 1909 dcte
643 1856 731 1910 cestro
759 1851 797 1924 N,
821 1856 909 1910 vactro

57 1949 121 2008 date
142 1948 184 2020 Η,
209 1968 277 2007 311111
303 1948 369 2007 aliis
389 1949 470 2008 codd.
514 1954 540 2008 1.
563 1913 618 2018 NS*
631 1970 698 2008 caua
712 1950 749 2008 N.

98 2051 125 2107 1.
148 2052 196 2105 23.
218 2047 459 2106 Famae-octuatac
473 2048 511 2107 N.

99 2152 125 2204 1.
147 2145 332 2205 31133133
355 2146 496 2205 Simoenta
510 2147 548 2206 Ν.
590 2147 724 2206 cunabala
739 2149 829 2222 perui
850 2167 906 2206 om.

57 2245 95 2317 N,
118 2248 239 2304 servant
261 2245 370 2321 reliqui
390 2246 470 2304 libri.
519 2247 601 2305 Idaeo
622 2246 669 2304 aab
683 2251 771 2305 morata
785 2247 841 2320 ed,
860 2248 909 2305 vel

56 2343 155 2402 Idaeos
177 2347 279 2401 montes
298 2343 373 2402 Iocis
399 2345 574 2404 1113311αό1113.
632 2345 772 2404 Simoenta
791 2348 910 2422 propter

49 2443 174 2516 flumina
208 2441 242 2499 in
275 2447 313 2499 26
346 2442 489 2502 intulerat
518 2443 664 2503 librarius.
719 2444 764 2504 ef.
793 2443 907 2502 Gallim.

58 2539 149 2616 Hym.
168 2540 233 2599 Iov.
250 2545 286 2598 6:
309 2542 362 2598 Ζεῦ
382 2566 417 2600 σε
434 2543 486 2618 μὲν
504 2541 643 2601 Ῑδαίοισιν
666 2546 696 2602 ἐν
715 2542 813 2619 οὔρεσι
833 2543 909 2617 φασὶ

57 2638 202 2716 γένεσθαι.
265 2639 388 2698 Solitum
435 2641 634 2700 confusionem
677 2642 748 2700 Idae
789 2641 909 2700 Creteae

40 2742 42 2746 ’
58 2741 89 2795 33
101 2735 244 2796 'lroianae
265 2757 324 2796 non
342 2738 418 2798 vitat
432 2740 610 2816 Propertius.
652 2739 801 2815 Vergilius
820 2740 907 2815 Prop.

57 2854 150 2911 paene
171 2836 332 2913 expressit:
348 2838 422 2898 Aen.
439 2843 466 2896 3.
484 2843 558 2897 105:
581 2839 667 2898 Mons
687 2840 793 2898 Idaeus
813 2839 864 2897 ubi
879 2841 909 2897 et

59 2937 156 3010 gentis
176 2939 323 2996 cunabula
343 2942 467 2998 nostrae.
510 2939 556 2998 ef.
579 2940 638 2998 (lic.
661 2941 726 2999 Att.
742 2945 770 2998 2.
793 2943 850 3013 413
872 2939 908 2996 ad

58 3039 171 3095 montes
185 3036 293 3112 patrios
308 3041 337 3097 et
351 3039 387 3096 ad
400 3039 578 3097 incunabula
596 3042 704 3098 nostra.
752 3039 828 3098 Iovia
849 3057 909 3095 eum

54 3133 135 3206 prole
151 3133 320 3194 Scamandro
337 3137 507 3213 Hauptius:
535 3139 585 3197 sed
605 3139 660 3196 hoc
684 3141 729 3197 est
751 3137 908 3197 rescribere

59 3251 118 3290 non
133 3234 287 3292 emendare
299 3235 496 3311 Propertium.
