2122 3728
299 245 517 306 PROPuRrH
536 245 597 303 EL.
618 245 673 318 IV,
697 250 723 304 1.
880 247 935 306 107

343 780 467 839 LIBER
486 780 682 845 QUARTUS.
804 793 807 798 ’

418 1001 615 1009 -—-—-—-—

502 1171 525 1210 Ι.

89 1291 162 1367 Hoc,
175 1291 379 1370 quodcumque
388 1290 479 1366 vides,
490 1293 603 1369 hospes,
616 1311 704 1369 quem
712 1290 839 1351 maxima
849 1291 940 1349 Roma

167 1394 221 1464 est,

129 1489 209 1549 Ante
222 1489 371 1567 Phrygem
384 1491 505 1550 Aenean
519 1489 600 1550 collis
614 1493 644 1548 et
656 1490 747 1548 herba
758 1488 836 1548 fuit:

31 1584 32 1588 ’
89 1588 190 1665 Atque
203 1588 256 1647 ubi
269 1588 299 1647 N
300 1588 377 1648 avali
390 1592 470 1649 stant
483 1609 563 1648 saera
575 1589 690 1648 Palatia
702 1589 827 1660 Phoebo,

129 1687 261 1746 Euandri
272 1688 414 1765 profugae
421 1690 604 1764 procubuere
617 1690 714 1747 boves

90 1785 246 1846 Fictilibus
260 1806 375 1846 crevere
388 1787 449 1846 deis
462 1789 533 1846 haee
547 1806 635 1845 aurea
648 1785 766 1861 templa,
924 1791 945 1852 5Ι

129 1884 160 1943 N
161 1905 192 1944 ee
205 1884 265 1944 fuit
279 1887 430 1962 obprobrio
443 1886 523 1945 laeta
536 1885 597 1945 siue
611 1888 673 1943 arte
687 1903 759 1957 ease,

91 1983 289 2060 Tarpeiusque
301 1987 386 2061 pater
397 1985 477 2044 nuda
489 1986 525 2043 de
539 2003 612 2060 rupe
624 1984 755 2055 tonabat,
874 1973 877 1983 ’

129 2080 171 2140 Et
183 2081 297 2140 Tiberis
309 2083 416 2141 nostris
430 2083 541 2142 advena
553 2084 649 2141 bubus
663 2084 733 2140 erat.

79 2165 157 2244 'Qua
171 2180 308 2255 gradibus
321 2182 423 2241 domus
435 2182 493 2241 ista
506 2182 591 2241 Remi
605 2201 635 2241 se
649 2180 777 2253 sustulit,
794 2180 864 2239 olim

129 2279 216 2339 Unus
229 2283 292 2339 erat
303 2280 429 2339 fratrum
441 2280 569 2340 maxima
581 2300 672 2355 regna
684 2279 776 2340 focus.
906 2285 940 2338 10

60 2396 79 2426 ν
92 2376 186 2451 Curia,
204 2381 358 2453 praetexto
371 2398 447 2456 quae
459 2399 538 2437 nune
550 2378 628 2437 nitet
641 2379 703 2437 alta
715 2373 827 2454 senatu,

130 2476 253 2536 Pellitos
264 2478 371 2537 habuit
382 2477 492 2537 rustica
506 2478 590 2537 eorda
602 2481 710 2554 patres.
762 2460 768 2472 ⁶

91 2573 204 2633 Bueiua
218 2576 338 2650 cogebat
349 2575 458 2653 priseos
471 2577 508 2635 ad
520 2578 610 2636 verba
623 2576 771 2641 Quirites:

132 2671 258 2732 Centum
270 2673 317 2732 illi
328 2675 361 2732 in
373 2678 456 2751 prato
470 2695 554 2751 saepe
569 2680 686 2735 senatus
699 2679 771 2735 erat.

56 2770 155 2830 VNee
168 2771 286 2831 sinuosa
299 2792 368 2835 cavo
381 2775 547 2850 pendebant
559 2776 626 2833 vela
638 2775 763 2846 theatro,
907 2779 941 2830 15

131 2869 253 2948 Pulpita
266 2872 413 2931 sollemnis
425 2892 485 2931 uon
498 2873 596 2931 oluere
609 2892 715 2931 crocos.
950 2861 953 2868 ¹

92 2969 179 3028 Nulli
192 2989 262 3029 eura
274 2970 335 3030 fuit
348 2975 484 3031 externos
498 2991 636 3049 quaerere
650 2970 740 3042 divos,

133 3067 207 3127 Oum
219 3072 359 3129 tremeret
370 3071 465 3147 patrio
478 3071 607 3147 pendula
619 3068 706 3128 turba
719 3087 807 3139 sauro,

93 3165 261 3244 Annuaque
274 3187 392 3227 accenso
407 3169 551 3228 celebrare
564 3167 674 3227 Parilia
685 3165 781 3237 faeno,

133 3265 241 3330 Qualia
253 3285 332 3325 nune
346 3271 428 3327 curto
441 3268 536 3326 lustra
548 3269 694 3326 novantur
707 3283 791 3341 equo.
906 3268 943 3319 20

94 3364 185 3424 Vesta
199 3365 342 3447 coronatis
355 3385 466 3444 pauper
479 3367 624 3443 gaudebat
638 3364 744 3439 asellis,
983 3436 1024 3508 u
