2122 3728
261 223 481 310 PROPERTII
501 222 561 280 EL.
584 221 649 293 ΙΙΙ,
674 225 784 280 10.]1.
914 224 950 282 87

137 384 231 441 Ponct
244 382 319 441 etin
333 381 407 440 sicco
420 380 549 439 molliter
562 379 642 437 unda
655 379 757 439 minas.

99 481 245 557 Aspiciam
258 481 357 539 nullos
368 479 508 538 hodierna
521 480 588 537 lucc
601 479 741 552 dolentes,

137 581 177 638 Et
189 579 302 638 Niobae
314 578 447 638 lacrimas
461 578 625 654 supprimat
637 578 700 654 ipse
712 577 798 653 lapis.

98 679 263 756 Alcyonum
275 678 378 754 positis
391 676 576 753 requiescant
589 696 640 734 ora
653 677 801 752 querellis,

137 778 275 853 Increpet
288 779 474 853 absumptum
487 795 541 835 nec
555 796 607 834 sna
619 779 714 834 mater
726 776 817 853 Itym.
916 783 950 836 10

99 877 211 955 Tuque,
227 898 243 936 o
257 897 323 937 cara
335 877 417 950 mihi,
432 876 569 937 felicibus
583 876 661 936 edita
673 877 786 953 pennis,

139 977 231 1052 Surge
245 981 276 1037 et
288 980 439 1054 poscentes
451 977 530 1035 insta
542 995 659 1052 precare
673 976 750 1035 deos.

99 1077 142 1133 Ac
155 1075 282 1151 primum
295 1096 369 1152 pura
383 1096 515 1135 somnum
527 1075 584 1134 tibi
597 1075 710 1134 discute
722 1075 853 1153 lympha,

138 1175 177 1233 Et
191 1174 299 1234 nitidas
310 1195 409 1252 presso
422 1174 528 1252 pollice
541 1175 620 1249 finge
634 1193 748 1233 comas:

98 1273 183 1346 Dein,
199 1293 259 1351 qna
270 1275 398 1351 primum
410 1275 508 1333 oculos
521 1273 625 1350 cepisti
637 1277 718 1333 veste
732 1275 874 1350 Properti,
914 1280 948 1333 15

138 1372 241 1444 Indue,
257 1392 311 1432 nec
324 1392 450 1432 vacuum
462 1373 533 1431 flore
545 1371 679 1448 relinque
693 1375 798 1448 caput:

97 1471 139 1529 Ec
146 1476 219 1546 pcto,
235 1491 290 1549 quc
297 1471 396 1547 polles,
411 1473 495 1531 11111
508 1471 664 1547 tibiformc
670 1473 812 1545 perennc,

137 1572 225 1649 Inque
234 1591 321 1631 mcum
333 1591 438 1647 ocozpcr
450 1575 523 1631 11111
537 1575 586 1630 tua
598 1589 684 1646 ropac
697 1576 789 1645 caput.

98 1671 172 1729 Inde
186 1674 336 1730 coronatas
348 1670 401 1729 ubi
413 1673 480 1729 ture
493 1669 619 1746 piaveris
632 1689 704 1743 aras,

138 1768 263 1828 Luxerit
276 1772 383 1828 ettota
395 1770 512 1827 flamma
525 1769 651 1828 secunda
663 1770 756 1841 domo,
912 1775 949 1826 20

99 1864 145 1926 Sit
158 1887 273 1926 mensae
286 1868 369 1941 ratio,
384 1887 502 1945 noxque
515 1868 594 1926 inter
606 1869 710 1944 pocula
724 1872 830 1943 currat,

138 1967 178 2025 Et
191 1967 305 2025 crocino
318 1967 398 2026 naris
409 1987 543 2027 murreus
555 1970 649 2041 ungat
662 1986 752 2044 onyx.

99 2065 184 2123 Tibia
196 2065 347 2124 nocturnis
361 2068 530 2125 succumbat
542 2085 630 2124 rauca
643 2064 762 2137 choreis,

138 2165 178 2222 Et
192 2163 251 2223 sint
263 2163 413 2240 nequitiae
425 2164 518 2224 libera
530 2167 619 2224 verba
630 2168 708 2237 tuae,

99 2262 255 2338 Dulciaquc
267 2261 396 2336 ingratos
410 2262 539 2322 adimant
552 2263 686 2321 convivia
698 2283 820 2335 somnos,
912 2267 948 2318 25

139 2360 260 2419 Publica
272 2360 386 2419 vicinae
399 2364 563 2437 perstrepat
576 2381 647 2420 aura
659 2361 733 2421 viae.

101 2459 147 2517 Sit
160 2479 220 2517 sors
233 2462 264 2518 ct
276 2459 360 2518 nobis
373 2460 500 2518 talorum
512 2460 672 2536 interprete
685 2460 774 2532 iactu,

139 2558 233 2624 Quem
246 2559 384 2633 gravibus
396 2559 500 2635 pennis
513 2562 647 2620 verberet
659 2560 711 2618 ille
724 2580 806 2636 puer.

100 2658 174 2716 (lum
185 2658 277 2717 fuerit
289 2659 392 2717 multis
406 2662 509 2717 exacta
521 2659 678 2718 trientibus
691 2659 770 2731 hora,

138 2758 240 2817 Noctis
254 2762 284 2817 et
296 2757 435 2817 instituet
448 2778 528 2816 sacra
540 2758 675 2816 ministra
687 2758 796 2829 Venus,
912 2759 948 2812 30

100 2859 208 2917 Annua
221 2860 365 2917 solvamus
378 2859 506 2917 thalamo
521 2858 672 2917 sollemnia
683 2862 791 2930 nostro,

140 2958 313 3035 Natalisque
326 2959 373 3018 tui
387 2959 428 3018 sic
440 2925 595 3054 peplgamus
607 2958 673 3017 iter.

504 3155 547 3196 XI.

102 3255 180 3321 Quid
192 3256 306 3330 mirare,
321 3277 415 3316 meam
428 3257 454 3315 si
465 3261 563 3316 versat
574 3255 684 3315 femina
695 3255 788 3314 vitam

142 3355 181 3414 llt
193 3356 287 3415 trahit
300 3355 449 3416 addictum
462 3358 516 3415 sub
529 3375 582 3416 sua
594 3355 660 3415 iura
672 3354 778 3427 virum,
