2122 3728
140 205 177 257 50
319 200 537 258 PROPERTII
557 199 618 258 ΕΒ.
634 199 678 272 11,
698 205 742 259 19.
758 205 806 259 20.

139 357 218 423 Quin
232 378 284 433 ego
296 358 329 417 in
342 357 457 417 assidua
470 361 581 416 mutem
594 361 647 417 tua
658 357 777 418 nomina
788 358 912 434 lingua:

177 458 302 518 Absenti
314 477 399 518 nemo
412 477 471 517 non
483 457 616 516 nocuisse
629 456 712 519 velit.

537 655 587 694 XX.

138 754 216 819 Quid
227 754 281 813 fles
294 754 418 813 abducta
431 752 549 828 gravirm
562 752 715 813 Briseide?
735 754 808 831 quid
819 755 874 815 fles

176 853 277 911 Anxia
290 851 405 929 captiva
417 851 532 911 tristius
545 852 770 912 Andromacha?

138 951 252 1016 Quidve
265 971 329 1010 mea
341 951 378 1010 de
389 951 492 1009 fraude
506 951 582 1023 deos,
598 951 701 1011 insana
712 951 846 1026 fatigas?

177 1050 256 1116 Quid
269 1049 400 1126 quereris
412 1053 540 1108 nostram
554 1050 595 1108 sic
609 1049 744 1109 cecidisse
758 1051 868 1109 fidem?

137 1150 205 1207 Non
216 1153 278 1208 tam
290 1152 434 1207 nocturna
446 1147 573 1206 volucris
586 1147 704 1206 funesta
717 1149 849 1225 querella
974 1157 990 1207 5

176 1248 276 1306 Attica
290 1247 435 1323 Cecropiis
449 1246 591 1321 obstrepit
603 1246 636 1304 in
648 1247 737 1319 foliis,

137 1347 199 1406 Nec
212 1349 329 1405 tantum
343 1345 436 1403 Niobe
448 1344 494 1403 bis
508 1364 560 1402 sex
574 1344 611 1403 ad
624 1346 711 1403 busta
724 1346 847 1420 superba

177 1444 307 1504 Sollicito
320 1443 453 1502 lacrimas
466 1442 570 1502 defluit
583 1463 600 1500 a
614 1443 725 1520 Sipylo.

137 1545 186 1602 Me
199 1544 271 1603 licet
284 1542 389 1601 aeratis
402 1541 566 1616 astringant
579 1541 698 1600 brachia
710 1541 802 1614 nodis,

176 1643 243 1702 Sint
256 1662 320 1701 mea
333 1642 381 1701 vel
394 1641 509 1699 Danaes
523 1640 639 1700 condita
652 1643 780 1699 membra
792 1640 894 1700 domo:
955 1648 990 1700 10

137 1743 219 1801 Inte
233 1761 285 1815 ego
300 1745 330 1800 et
343 1743 454 1798 aeratas
467 1758 609 1814 rumpam,
625 1758 690 1797 mea
701 1738 772 1813 vita,
788 1743 914 1812 catenas,

176 1842 327 1899 Ferratem
340 1839 455 1897 Danaes
470 1837 689 1914 transiliamque
703 1838 828 1896 domum.

135 1942 180 2000 De
194 1943 224 1999 te
238 1939 441 2016 quodcumque
454 1938 491 1996 ad
504 1938 605 1996 surdas
617 1937 691 1995 mihi
704 1937 811 1997 dicitur
824 1957 927 1997 aures:

176 2039 222 2096 Tu
235 2038 319 2095 modo
332 2057 369 2096 ne
382 2036 486 2095 dubita
498 2037 534 2094 de
548 2027 692 2110 gravilate
705 2057 778 2096 mea.

137 2138 208 2196 Ossa
220 2137 276 2196 tibi
288 2137 352 2195 iuro
365 2156 418 2212 per
430 2137 531 2194 matris
545 2139 575 2194 et
588 2155 651 2194 ossa
664 2135 802 2211 parentis,
954 2142 988 2194 15

176 2237 208 2295 si
220 2237 300 2307 fallo,
316 2235 388 2294 cinis
400 2237 460 2294 heu
473 2234 512 2294 sit
525 2234 598 2292 mihi
611 2238 736 2311 uterque
750 2233 864 2308 gravis!

135 2336 185 2394 Me
197 2336 254 2394 tibi
267 2336 304 2393 ad
317 2338 462 2394 extremas
475 2353 652 2405 mansurum,
668 2333 739 2403 vita,
754 2335 907 2392 tenebras:

175 2436 284 2492 Ambos
297 2452 357 2492 nna
369 2434 442 2492 fides
455 2433 577 2505 auferet,
594 2453 653 2490 una
665 2431 735 2491 dies.

137 2534 221 2598 Quod
235 2532 259 2591 si
272 2552 325 2590 neo
338 2552 444 2591 nomen
456 2551 510 2590 nec
523 2551 569 2590 me
583 2535 635 2590 tua
647 2531 741 2588 forma
753 2533 876 2603 teneret,

175 2632 276 2690 Posset
289 2630 440 2689 servitium
454 2630 524 2689 mite
538 2633 637 2689 tenere
650 2634 745 2689 tuum.
951 2635 987 2687 20

137 2731 267 2807 Septima
279 2731 337 2788 iam
351 2730 453 2806 plenae
466 2728 620 2788 deducitur
633 2728 727 2786 orbita
739 2728 835 2799 lunae,

176 2828 250 2888 cum
263 2828 298 2887 de
312 2847 358 2886 me
372 2831 402 2886 et
415 2828 450 2886 de
463 2830 494 2885 te
508 2825 633 2902 compita
645 2826 729 2884 nulla
741 2830 857 2884 tacent:

136 2929 255 2986 Interea
267 2927 351 2985 nobis
363 2945 423 2983 non
435 2946 594 3002 numquam
607 2925 695 2984 ianua
708 2925 812 2997 mollis,

176 3029 243 3087 Non
256 3047 415 3103 numquam
427 3027 499 3085 lecti
512 3005 594 3102 copia
607 3027 686 3086 faeta
699 3027 753 3086 tui.

135 3128 165 3185 N
166 3147 197 3186 eo
210 3126 284 3184 mihi
296 3125 465 3184 muneribus
477 3144 538 3183 nox
550 3125 614 3183 ulla
626 3129 671 3184 est
684 3129 782 3201 empta
794 3125 905 3183 beatis:
950 3131 988 3183 25

176 3224 326 3300 Quidquid
340 3243 425 3295 eram,
441 3225 495 3281 hoc
509 3223 599 3280 animi
612 3223 707 3297 gratia
719 3242 825 3297 magna
837 3224 892 3282 tui.

128 3322 200 3381 Cum
217 3327 247 3384 te
262 3326 322 3385 tam
336 3321 427 3384 multi
439 3325 587 3403 peterent,
600 3325 638 3383 tu
648 3340 697 3380 me
709 3340 772 3380 una
779 3320 901 3395 petisti:
