2122 3728
328 231 546 289 PROPERTII
566 231 626 291 ΕΒ.
648 231 692 303 ΙΙ,
718 235 743 288 1.
925 235 962 290 27

110 389 249 462 Regnare
262 388 355 464 prima
369 388 461 460 Remi,
473 392 525 447 aut
538 387 648 446 animos
662 388 847 462 Carthaginis
860 390 945 461 altae,

150 487 391 564 Cimbrorumque
403 487 498 545 minas
512 490 543 545 et
555 486 708 545 benefacta
721 486 815 544 Mari:

66 664 69 671 ἦ
109 584 252 662 Bellaque
264 604 368 662 resque
381 585 428 644 tui
440 604 628 644 memorarem
642 584 781 656 Caesaris,
797 589 827 643 et
840 589 875 643 tu
923 591 960 643 25

150 684 269 743 Caesare
283 686 337 744 suh
351 704 455 759 magno
470 705 540 743 cura
553 686 680 744 secunda
692 685 779 743 fores.

109 784 139 842 N
139 804 186 843 am
199 785 334 861 quotiens
347 784 495 844 Mutinam
508 788 560 844 aut
573 784 672 843 civilia
684 786 771 844 busta
783 785 934 863 Philippos
979 812 981 816 ⁴

148 885 212 942 Aut
225 903 357 942 canerem
370 883 486 942 Siculae
500 883 619 943 classica
631 884 710 942 bella
722 885 819 959 fugae,

109 984 289 1060 Eversosque
302 982 381 1042 focos
394 983 533 1060 antiquae
547 982 643 1057 gentis
657 983 806 1056 Etruscae,

148 1082 187 1140 Et
200 1081 378 1140 Ptolomaeei
390 1081 477 1140 litora
491 1086 575 1158 capta
584 1081 682 1154 Phari,
920 1089 957 1140 30

108 1182 172 1239 Aut
181 1201 312 1240 canerem
317 1182 485 1258 Aepyptum
494 1185 524 1240 et
534 1181 647 1253 Nilum,
655 1200 721 1240 cum
730 1183 842 1240 atratus
850 1181 958 1240 inurbe

149 1282 267 1358 Septem
280 1281 404 1358 captivis
417 1281 520 1340 debilis
533 1281 596 1340 ibat
609 1281 701 1357 aquis,

107 1383 171 1441 Aut
183 1400 285 1456 regum
299 1380 408 1439 auratis
422 1379 600 1438 circumdata
613 1379 688 1437 colla
701 1379 820 1451 catenis,

146 1480 290 1557 Actiaque
303 1480 336 1538 in
350 1480 437 1539 Sacra
450 1499 564 1538 currere
577 1481 671 1538 rostra
684 1479 757 1538 Via:

106 1578 148 1637 Te
160 1599 225 1637 mea
237 1579 324 1638 Musa
336 1578 397 1638 illis
410 1598 522 1655 semper
536 1580 703 1637 contexeret
716 1578 812 1650 armis,
919 1583 955 1635 35

147 1678 187 1737 Et
200 1681 315 1754 sumpta
329 1680 359 1736 et
371 1677 466 1753 posita
478 1697 548 1753 pace
561 1677 647 1736 fidele
661 1679 759 1753 caput.

107 1776 235 1835 Theseus
246 1776 378 1848 infernis,
394 1775 506 1852 superis
518 1779 646 1835 testatur
658 1775 798 1846 Achilles,

145 1875 204 1933 Hic
217 1875 383 1948 Ixioniden,
399 1875 451 1934 ille
465 1874 680 1934 Menoetiaden.

108 1976 164 2034 Sed
176 1995 272 2052 neque
285 1976 460 2050 Phlegraeos
473 1975 554 2034 Iovis
567 1973 767 2051 Enceladique
780 1975 927 2033 tumultus

145 2076 266 2135 Intonet
279 2079 402 2151 angusto
415 2079 531 2152 pectore
542 2074 746 2145 Callimachus,
916 2077 954 2128 40

108 2175 171 2232 Nec
184 2193 248 2232 mea
261 2173 441 2233 conveniunt
453 2175 525 2232 duro
539 2173 705 2250 praecordia
718 2193 804 2231 versu

145 2274 275 2333 Caesaris
288 2274 320 2331 in
333 2273 476 2351 Phrygios
491 2274 612 2333 condere
625 2293 731 2332 nomeu
745 2292 822 2331 avos.

104 2372 213 2431 Navita
226 2374 262 2431 de
275 2365 380 2444 v‘entis,
396 2374 432 2432 de
445 2373 538 2432 tauris
550 2376 651 2432 narrat
664 2375 768 2444 arator,

143 2473 304 2531 Enumerat
315 2472 399 2532 miles
412 2473 543 2544 vulnera,
559 2475 658 2549 pastor
671 2492 747 2543 oves,

102 2571 164 2628 Nos
177 2573 279 2630 contra
292 2573 415 2645 angusto
428 2573 577 2630 versantes
589 2569 701 2647 praelia
712 2570 805 2629 lecto:
915 2575 951 2626 45

143 2669 207 2734 Qua
220 2673 289 2746 pote
303 2669 436 2747 quisque,
452 2670 485 2728 in
498 2689 532 2728 ea
545 2672 677 2728 conterat
690 2672 753 2728 arte
766 2669 851 2727 diem.

102 2768 180 2826 Laus
193 2768 225 2826 in
238 2787 334 2827 amore
346 2768 436 2828 mori:
458 2768 523 2827 laus
536 2769 637 2841 altera,
653 2768 678 2829 si
691 2770 779 2827 datur
792 2769 848 2826 unc‘

142 2867 229 2925 Posse
241 2866 319 2924 hui:
341 2866 423 2927 fruar
437 2886 453 2925 o
468 2868 545 2926 solus
559 2887 654 2926 amore
668 2867 748 2926 meo!

103 2965 135 3023 Si
148 2963 276 3037 memini,
292 2965 367 3024 solet
378 2964 431 3023 illa
443 2967 523 3026 leves
537 2967 654 3042 culpare
667 2965 791 3042 puellas,

142 3063 182 3121 Et
194 3066 286 3123 totam
300 3082 338 3122 ex
350 3063 466 3124 Helena
477 3085 536 3124 non
549 3066 653 3141 probat
666 3065 770 3122 Iliada.
913 3068 949 3119 50

104 3161 162 3220 Seu
174 3162 247 3221 mihi
261 3166 331 3222 sunt
340 3166 487 3239 tangenda
499 3185 640 3224 novercae
653 3164 758 3240 pocula
771 3162 928 3233 Phaedrae,

142 3261 250 3320 Pocula
262 3261 396 3338 privigno
409 3283 468 3322 uon
481 3263 615 3323 nocitura
629 3283 689 3335 suo,

105 3360 163 3419 Seu
176 3361 248 3420 mihi
262 3361 377 3421 Circaeo
390 3363 571 3439 pereundum
585 3365 629 3422 est
643 3359 781 3437 gramine,
798 3359 858 3420 sive
