2122 3728
100 218 137 269 aa
270 182 777 280 reornarnuu.n1',s.1o.

99 369 128 426 N
129 389 166 426 on
171 369 253 444 flebo
266 367 298 426 in
311 367 422 426 cineres
435 386 531 426 arcem
544 365 651 425 sedisse
664 368 809 442 paternos

138 466 248 539 Cadmi,
264 485 318 525 nec
332 485 446 542 semper
457 465 570 542 praelia
583 465 664 524 clade
677 464 753 541 pari,

99 568 160 624 Nec
173 566 298 625 referam
310 565 414 624 Scaeas
428 568 459 623 et
471 563 613 638 Pergama
624 562 777 639 Apollinis
791 583 884 636 arces,

139 666 179 723 nt
192 665 328 722 Danaum
340 663 451 721 decimo
464 680 533 720 vere
546 661 654 719 redisse
667 665 756 732 rates,
923 669 958 720 40

99 763 216 821 Moenia
229 782 296 821 oum
309 761 397 821 Graio
410 759 561 836 Neptunia
573 759 680 835 pressit
693 763 793 819 aratro

138 861 241 918 Victor
253 858 402 918 Palladiae
414 858 531 932 ligneus
544 857 616 916 artis
629 877 735 934 equus.

100 962 184 1018 Inter
197 958 369 1018 Callimachi
383 961 428 1016 sat
441 957 498 1015 erit
510 955 653 1032 placuisse
665 957 785 1016 libellos

140 1060 179 1117 nt
192 1057 330 1116 cecinisse
343 1057 444 1129 modis,
466 1057 517 1114 Coe
529 1059 623 1132 poeta,
638 1055 709 1115 tuis.

100 1159 181 1216 Haec
195 1160 284 1215 urant
296 1175 411 1232 pueros,
426 1156 499 1213 haec
512 1158 600 1212 urant
614 1154 723 1231 scripta
734 1155 864 1232 puellas,
922 1162 957 1213 45

139 1256 247 1332 Meque
261 1255 349 1312 deum
362 1255 497 1326 clament,
514 1253 630 1312 etmihi
644 1273 725 1313 sacra
737 1253 850 1314 ferant.

101 1356 142 1414 Te
156 1356 229 1414 duce
242 1355 291 1413 vel
304 1354 385 1412 Iovis
399 1374 478 1412 arma
492 1373 593 1412 canam
606 1355 745 1431 caeloque
759 1355 926 1416 minantem

140 1454 249 1513 Coeum
262 1457 293 1512 et
305 1453 474 1527 Phlegraeis
488 1453 681 1511 Oromedonta
693 1453 783 1528 iugis,

102 1554 243 1630 Celsaque
256 1551 396 1610 Romanis
409 1553 547 1628 decerpta
559 1551 673 1610 Palatia
685 1552 781 1612 tauris

141 1651 245 1709 Ordiar
259 1654 289 1710 et
305 1670 387 1710 caeso
400 1651 514 1710 moenia
527 1652 611 1709 firma
624 1653 725 1724 Remo,
922 1658 958 1710 50

102 1751 289 1826 Eductosque
300 1769 386 1826 pares
399 1751 528 1809 silvestri
541 1770 579 1809 ex
592 1752 682 1809 ubere
694 1770 789 1825 reges,

141 1848 258 1907 Crescat
271 1851 302 1907 et
314 1847 467 1922 ingenium
481 1850 535 1907 suh
548 1853 601 1907 tua
614 1849 692 1907 iussa
705 1869 815 1908 meum.

102 1948 264 2023 Prosequar
278 1949 308 2005 et
321 1966 424 2005 currus
436 1950 563 2024 utroque
577 1949 613 2006 ab
625 1948 711 2006 litore
725 1952 858 2021 ovantes,

141 2045 317 2103 Parthorum
331 2049 445 2104 astutae
457 2047 518 2104 tela
531 2047 650 2105 remissa
662 2046 760 2121 fugae,

103 2145 262 2220 Castraque
276 2143 376 2202 Pelusi
389 2144 520 2202 Romano
534 2147 655 2204 subruta
667 2145 754 2217 ferro,
922 2153 958 2204 55

141 2242 312 2318 Antonique
326 2261 429 2315 graves
441 2242 474 2300 in
488 2263 540 2301 sua
552 2242 615 2302 fata
627 2263 739 2302 manus.

102 2341 201 2398 Mollis
214 2344 249 2399 tu
263 2345 382 2416 coeptae
395 2340 493 2400 factor
506 2362 576 2418 cape
589 2343 652 2400 lora
664 2343 813 2415 iuventae,

141 2440 330 2516 Dexteraque
343 2439 471 2499 inmissis
484 2441 521 2498 da
533 2442 607 2499 mihi
620 2443 702 2516 signa
715 2442 797 2500 rotis.

101 2539 166 2596 Hoc
180 2537 263 2609 mihi,
278 2537 440 2609 Maecenas,
457 2539 553 2597 laudis
566 2540 706 2610 concedis,
723 2544 754 2599 et
767 2560 785 2598 a
797 2545 830 2600 te
844 2546 900 2614 est,

142 2639 226 2702 Quod
238 2638 472 2714 ferarinpartes
484 2639 547 2715 ipse
559 2639 650 2698 tuisse
662 2643 738 2699 tuas.
922 2647 960 2698 60

513 2835 543 2874 X.

103 2934 241 3005 Mirabar,
258 2922 544 3011 quidnamltlsissent
556 2954 641 2993 mane
654 2935 804 3007 Camenae,

143 3034 223 3091 Ante
236 3053 335 3092 meum
348 3036 459 3091 stantes
473 3033 533 3091 sole
545 3034 669 3092 rubente
682 3037 788 3092 torum.

102 3130 131 3186 N
132 3130 218 3190 atalia
230 3135 346 3190 nostrae
360 3130 477 3206 signum
489 3131 592 3190 misere
604 3132 729 3207 puellae,

141 3229 182 3287 Et
194 3228 328 3288 manibus
341 3229 452 3289 faustos
465 3233 512 3289 ter
525 3249 661 3306 crepuere
676 3249 767 3288 sonos.

102 3325 243 3386 Transeat
255 3327 304 3386 hic
318 3327 380 3388 sine
393 3330 472 3389 nube
485 3329 556 3403 dics,
572 3332 652 3388 stent
665 3347 729 3387 aere
742 3327 835 3396 venti,
942 3337 960 3388 5
