2122 3728
121 236 158 289 88
318 229 535 290 PROPERTH
555 230 616 288 EL.
637 229 701 301 III,
727 234 774 288 ll.

121 387 308 465 criminaque
320 388 422 464 ignavi
435 388 539 465 capitis
552 387 625 446 mihi
637 386 737 464 turpia
750 387 851 462 fingis,

161 486 246 551 Quod
258 506 403 564 nequeam
416 487 509 546 fracto
522 507 656 564 rumpere
669 487 770 545 vincla
782 486 878 562 iugo?

120 587 238 644 Iactura
251 586 357 644 melius
370 587 516 661 praesagit
528 586 630 645 navita
642 589 776 658 mortem,
959 590 975 640 5

161 684 340 743 Vulneribus
354 685 456 743 didicit
468 685 553 744 miles
565 685 671 743 habere
684 687 808 742 metum.

122 785 186 842 Ista
199 803 252 858 ego
264 784 423 860 praeterita
435 783 543 843 iactavi
555 786 643 843 verba
655 783 797 842 iuventa:

161 882 206 940 Tu
219 902 299 941 nunc
312 883 447 958 exemplo
460 883 538 940 disce
551 882 654 941 timere
666 901 741 940 meo.

122 980 237 1040 Colchis
250 981 401 1055 flagrantis
415 982 599 1040 adamantina
612 982 665 1039 sub
678 980 751 1054 iuga
763 983 867 1039 tauros

161 1079 233 1152 Egit
246 1083 277 1138 ct
290 1079 432 1154 armigera
444 1081 555 1156 praelia
567 1079 643 1139 sevit
655 1080 754 1150 humo,
942 1083 976 1136 10

122 1177 315 1255 custodisque
328 1178 406 1238 feros
419 1179 524 1238 clausit
537 1177 679 1254 serpentis
691 1177 802 1249 hiatus,

160 1278 225 1335 lret
238 1280 273 1336 ut
286 1277 427 1337 Aesonias
440 1299 528 1337 aurea
539 1279 607 1336 lana
620 1278 728 1336 domos.

122 1377 203 1433 Ausa
215 1374 301 1433 ferox
314 1378 350 1436 ab
364 1396 439 1453 equo
453 1377 596 1454 quondam
611 1377 779 1452 obpugnare
794 1376 913 1452 sagittis

160 1473 284 1533 Maeotis
297 1474 432 1534 Danaum
446 1474 630 1534 Penthesilea
641 1477 736 1546 rates3

122 1572 221 1630 Aurea
234 1571 282 1629 cui
295 1577 451 1650 postquam
464 1572 586 1632 nudavit
599 1571 708 1630 cassida
720 1572 860 1646 frontem,
942 1578 974 1631 15

117 1743 119 1746 Ι
161 1670 243 1728 Vicit
254 1670 396 1730 victorem
410 1672 531 1731 candida
542 1670 636 1729 forma
647 1671 755 1729 virum.

121 1767 255 1827 Iasrdcaa‘a
268 1768 300 1826 in
313 1773 432 1829 tantum
444 1770 552 1829 formae
565 1770 705 1845 processit
716 1771 868 1842 honorem,

160 1867 256 1949 Lydia
269 1867 388 1944 Gygaeo
401 1869 496 1929 tincta
508 1868 606 1946 puella
618 1869 694 1940 lacu,

122 1968 172 2038 Ut,
190 1967 242 2043 qui
254 1972 358 2043 pacato
372 1970 523 2028 statuisset
535 1968 567 2026 in
580 1969 648 2026 orbe
662 1968 821 2041 columnas,

162 2065 234 2123 Tam
248 2066 320 2124 dura
333 2069 466 2128 traheret
478 2067 577 2127 mollia
589 2087 679 2143 pensa
691 2087 790 2125 manu.
940 2073 976 2124 20

121 2165 275 2223 Persarum
290 2167 395 2248 statuit
407 2168 559 2246 Babylona
573 2166 737 2224 Semiramis
750 2167 863 2241 urbem,

161 2263 204 2322 Ut
217 2263 341 2321 solidum
356 2269 436 2324 cocto
450 2267 567 2325 tolleret
580 2273 685 2338 aggere
698 2283 779 2338 opus,

122 2363 161 2420 Et
174 2362 232 2420 duo
246 2362 278 2419 in
292 2363 445 2423 adversum
458 2366 536 2423 mitti
547 2383 600 2440 per
612 2362 726 2420 moenia
739 2382 843 2420 currus

159 2460 189 2517 N
190 2479 222 2519 ec
235 2465 354 2535 possent
366 2465 445 2522 tacto
460 2464 601 2538 stringere
615 2463 651 2520 ab
665 2460 823 2532 exoletus,

119 2558 216 2617 Duxit
226 2562 257 2618 et
266 2559 448 2635 Euphratem
457 2564 593 2631 medium,
605 2581 664 2638 qua
672 2560 802 2619 condidit
813 2579 905 2633 arces,
938 2568 976 2619 25

159 2657 252 2716 Iussit
266 2661 296 2717 et
308 2657 430 2733 imperio
445 2681 562 2735 surgere
575 2661 682 2719 Bactra
695 2663 792 2734 caput.

119 2756 149 2814 N
150 2776 196 2814 am
210 2756 282 2833 quid
296 2776 348 2830 ego
362 2757 472 2829 heroas,
484 2759 555 2835 quid
568 2762 680 2835 raptem
692 2757 856 2816 incrimine
870 2758 978 2818 divos?

158 2855 294 2931 Iuppiter
307 2855 430 2914 infamat
444 2877 532 2934 seque
546 2877 686 2933 suamquc
699 2857 826 2914 domum.

119 2952 206 3024 Quid,
222 2954 305 3011 modo
320 2974 394 3031 quae
407 2955 514 3014 nostris
527 2956 679 3032 opprobria
691 2955 807 3016 vexerit
820 2957 921 3030 armis,

158 3052 198 3110 nt
210 3052 335 3111 famulos
348 3053 426 3112 inter
438 3053 548 3112 femina
560 3054 632 3112 trita
646 3053 733 3112 suos?
938 3062 977 3115 30

119 3150 258 3226 Coniugii
270 3153 403 3211 obscaeni
415 3153 543 3230 pretium
556 3154 686 3213 Romana
699 3153 831 3230 poposcit

156 3248 273 3308 Moenia
288 3255 318 3309 et
331 3252 460 3310 addictos
473 3252 507 3310 in
520 3272 573 3310 sua
585 3271 675 3326 regna
687 3255 794 3327 patres.

117 3344 214 3406 Noxia
227 3349 417 3422 Alexandria,
433 3350 507 3409 dolis
520 3349 670 3427 aptissima
682 3350 782 3422 tellus,
