2122 3728
156 212 193 264 62
331 207 550 267 PROPERTII
570 207 630 266 aL,
651 209 696 280 Π,
720 212 769 266 28.
786 212 836 266 29.

106 397 143 439 (u)
154 365 234 424 Ante
247 367 373 442 tuosque
385 365 473 442 pedes
485 365 539 424 illa
551 365 615 443 ipsa
627 369 747 442 operata
760 365 886 438 sedebit,

193 462 223 521 N
223 463 391 540 arrabitque
405 465 507 523 sedens
518 465 608 540 longa
620 463 731 542 pericla
744 484 807 523 sua.

518 672 638 720 moe

154 780 236 840 Haeo
248 783 311 854 tua,
326 781 518 857 Persephone,
534 784 651 841 maneat
663 780 831 854 elementia,
847 801 902 841 nee
915 786 959 855 tu,

193 880 395 956 Persephonae
409 880 545 952 coniunx,
562 879 675 939 saevior
687 898 750 938 esse
763 880 849 939 velis.

156 979 232 1037 Sunt
245 979 323 1055 apud
334 978 465 1039 infernos
477 983 523 1039 tot
535 979 618 1037 milio
629 979 823 1038 formosarum
835 1001 842 1037 :

106 1090 143 1133 (ω)
193 1077 321 1137 Pulchra
334 1078 373 1137 sit
386 1078 418 1136 in
432 1078 552 1155 superis,
569 1077 685 1150 silicet,
701 1097 762 1136 une
774 1078 859 1137 loeis.

154 1175 312 1235 Vobiscum
324 1180 370 1236 est
383 1176 464 1254 Iope,
479 1175 629 1235 vobiseum
642 1175 764 1235 eandida
777 1176 868 1253 Tyro,
988 1181 1003 1232 5

192 1273 351 1334 Vobiscum
363 1275 489 1352 Europe,
504 1295 559 1334 nee
573 1276 664 1351 probo
675 1273 830 1351 Pasiphae,

155 1373 195 1432 Ee
208 1376 280 1450 quot
293 1372 379 1432 Troia
391 1373 464 1433 tulit
476 1377 563 1433 vetus
577 1377 608 1433 et
621 1377 694 1451 quot
707 1374 821 1433 Aehaia
834 1375 953 1448 formas,

193 1473 234 1531 Et
249 1472 349 1530 Thebe
362 1476 393 1531 et
406 1472 515 1531 Priami
527 1472 626 1533 diruta
638 1492 729 1548 regna
742 1473 820 1532 senis
832 1494 840 1531 ε

106 1592 143 1634 (u)
155 1572 195 1630 Et
207 1591 408 1648 quaecumque
423 1576 486 1631 erat
498 1572 531 1630 in
543 1592 664 1631 numero
678 1573 811 1630 Romana
823 1573 935 1648 puella,

195 1671 326 1730 Occidit:
348 1673 401 1732 has
414 1672 508 1730 omnis
520 1671 597 1746 ignis
611 1690 715 1729 avarus
728 1671 828 1730 habet.
972 1675 1005 1730 10

155 1770 216 1830 Neo
237 1771 330 1830 forma
352 1776 502 1831 aeternum
524 1775 576 1830 aut
596 1771 733 1848 cuiquam
753 1775 799 1830 est
817 1771 941 1831 fortuna
958 1791 1006 1848 pe-

233 1871 350 1929 rennis:

194 1968 323 2043 Longius
340 1971 393 2027 aut
405 1968 525 2045 propius
538 1988 615 2027 mors
628 1989 681 2028 sua
694 1974 843 2046 quemque
857 1972 965 2029 manet.

156 2068 201 2125 Tu
214 2068 352 2144 quoniam
365 2088 404 2140 es,
420 2088 485 2126 mea
497 2069 560 2140 lux,
576 2088 681 2143 magno
695 2067 815 2127 dimissa
828 2069 948 2146 periolo,

107 2181 144 2225 (σο)
194 2166 319 2225 Munere
332 2166 444 2224 Dianae
457 2167 556 2225 debita
569 2167 656 2225 redde
669 2168 780 2236 ohoros,
889 2161 896 2171 ’

156 2265 256 2324 Redde
269 2265 358 2325 etiam
371 2263 509 2323 excubias
519 2264 602 2322 divae
615 2267 784 2336 aunuente
797 2265 950 2337 iuvencae,
973 2268 1005 2322 15

194 2364 316 2423 Votivas
329 2367 428 2422 noctes
443 2366 473 2421 et
486 2363 559 2420 mihi
573 2363 652 2421 solve
665 2361 774 2421 decem.

537 2559 620 2597 XXIX.

155 2661 298 2732 Extrema,
314 2679 378 2718 mea
390 2659 454 2731 lux,
472 2678 538 2718 oum
551 2663 638 2735 potus
650 2660 735 2716 noete
748 2679 882 2733 vagarer,

194 2759 224 2816 N
225 2777 256 2816 eo
269 2777 316 2817 me
330 2777 479 2817 servorum
492 2758 613 2816 duceret
626 2757 688 2815 ulla
701 2777 815 2830 monus,

156 2856 249 2916 Obvia
261 2855 358 2914 neseio
372 2860 445 2933 quot
457 2856 542 2931 pueri
555 2854 629 2913 mihi
641 2856 728 2913 turba
741 2855 859 2915 minuta

194 2951 324 3013 Venerat
336 2955 439 3013 :-hos
452 2954 549 3013 vetuit
562 2974 608 3012 me
621 2973 773 3012 numerare
786 2954 878 3014 timor
891 2991 940 3030 -‚

156 3053 286 3118 Quorum
300 3054 352 3112 alii
365 3054 485 3126 faculae,
501 3054 553 3111 alii
566 3053 691 3112 retinere
705 3051 838 3126 sagittas,
993 3060 1008 3111 5

194 3153 264 3210 Pars
278 3152 367 3211 eiiam
379 3152 442 3211 visa
456 3156 500 3211 esi
514 3152 611 3211 vinela
624 3170 726 3228 parare
740 3151 824 3208 mihi.

155 3251 212 3310 sed
224 3249 297 3308 nudi
309 3250 436 3309 fuerant.
459 3270 584 3327 quorum
597 3249 733 3308 lascivior
746 3268 826 3307 unus

196 3355 214 3381 “
226 3348 357 3425 Arripite
371 3348 482 3421 huno,’'
496 3348 603 3425 inquit,
629 3348 718 3406 “iam
731 3349 806 3407 bene
822 3350 919 3409 nostis
933 3369 1006 3410 eum.

440 3652 481 3688 ἱ
