2122 3728
404 209 528 268 LIBER
549 209 605 270 IV.
881 213 929 271 liii

113 373 141 426 5.
157 372 205 427 21.
220 369 270 426 Ite
277 367 315 440 N,
326 367 367 427 H.
390 367 484 426 Locus
495 366 740 444 corruptissimus.
761 368 926 441 Turnebus,

72 467 212 541 Scaliger,
228 467 351 525 Iacobus
364 469 395 525 et
407 467 524 525 Peleius
537 486 644 525 nomen
657 467 809 544 proprium
820 469 928 533 amicae

70 587 124 643 pro
137 566 324 625 Dorozantum
342 566 493 638 dederunt,
509 567 710 639 Dorocoac'om,
727 569 926 640 Doricoae‘om

70 666 121 724 vel
134 666 333 741 Dorycoae'am.
362 663 487 722 Plurimi
501 664 665 738 genitivum
674 666 820 742 pluralem
830 667 927 741 gentis

70 763 197 822 alieuius
216 764 293 821 ane
313 763 433 833 duxere,
456 763 506 821 sed
526 763 604 822 inter
624 783 725 822 eorum
746 764 927 824 coniecturas

70 863 156 920 nulla
168 861 211 920 ita
228 860 348 920 excellit
361 864 397 919 ut
413 861 447 918 in
464 863 582 919 textum
599 862 795 938 recipiendam
812 864 925 922 ducam.

70 961 135 1037 Ego
148 960 233 1020 oredo
243 959 487 1019 nomenfluminis
497 961 621 1020 alicuius
631 962 733 1021 latere.
769 963 928 1021 Perusinus

70 1059 193 1118 exhibet
213 1059 399 1118 Doriaoatom
417 1060 448 1116 ct
465 1058 650 1118 Ptolemaeus
670 1059 799 1118 fluminis
819 1061 925 1119 Dorice

70 1158 205 1236 (Δορίου)
219 1157 396 1217 mentionem
408 1157 488 1229 fecit,
505 1158 583 1235 quod
600 1158 711 1216 flumen
728 1178 818 1234 prope
832 1160 926 1234 regio·

70 1276 138 1316 nem
166 1275 283 1315 auream
306 1256 409 1314 Indiae
434 1260 519 1315 extra
542 1256 673 1331 Gangem
695 1256 767 1315 sitae
790 1257 823 1316 in
846 1277 925 1316 mare

70 1356 165 1413 Eoum
192 1355 269 1414 fluit.
311 1355 398 1431 Prop.
418 1354 539 1413 formam
561 1357 667 1414 Dorice
688 1375 842 1431 usurpasse
865 1376 924 1415 non

69 1453 241 1513 incredibile
277 1457 331 1512 est.
393 1453 471 1518 Quid
497 1473 548 1530 pro
580 1459 691 1512 scotum
726 1456 924 1530 reponendum

69 1554 155 1612 valde
169 1554 322 1613 incertum.
350 1554 445 1612 Paene
460 1554 586 1611 adducor
597 1556 633 1611 ut
647 1552 789 1610 Graecum
802 1555 924 1612 verbum

70 1653 160 1711 semel
173 1652 323 1728 Propertio
337 1653 450 1723 donem,
469 1654 499 1710 et
511 1671 627 1710 versum
641 1652 684 1710 ita
696 1652 871 1711 rescribam:

190 1765 228 1824 Se
241 1768 271 1824 te
284 1765 345 1822 an
358 1762 438 1835 Dori,
453 1768 539 1835 ΖΩΗ,
555 1762 639 1822 iuvet
659 1782 746 1821 aurea
759 1765 832 1840 ripa.

70 1885 116 1944 cf.
137 1885 207 1943 Juv.
229 1884 290 1942 Sat.
307 1887 335 1940 6.
352 1887 418 1940 195.
460 1882 690 1958 Temptaveram
707 1883 786 1958 quod
800 1882 922 1942 fortasse

68 1982 177 2041 ridebis
189 2003 196 2040 ε

142 2093 174 2152 si
187 2095 218 2152 te
231 2092 326 2150 Eoum
340 2092 376 2150 ad
388 2091 570 2151 horizontem
583 2090 666 2149 iuvet
680 2110 768 2150 aurea
780 2093 853 2168 ripa.

109 2218 137 2270 5.
157 2216 205 2269 28.
226 2211 370 2286 Ploaqoat
383 2209 421 2267 N.

109 2315 137 2368 5.
160 2314 208 2368 29.
230 2309 288 2374 Qui
314 2308 394 2366 hunc
421 2327 538 2366 versum
563 2310 751 2367 correxerunt
782 2312 834 2368 aut
862 2330 921 2368 non

68 2410 205 2482 legerunt
231 2410 331 2466 notam
353 2404 550 2480 Hertzbergii‚
587 2410 639 2464 aut
666 2425 769 2481 parum
799 2409 922 2481 legendo

68 2507 225 2582 profecere.
266 2503 396 2562 simulare
414 2503 545 2562 absolute
558 2503 687 2579 positum
700 2508 745 2562 est
763 2525 815 2580 pro
834 2506 922 2562 simu-

68 2604 197 2663 latione:
220 2606 250 2662 et
262 2604 354 2663 odram
367 2603 493 2677 pretium
505 2601 582 2677 facit
600 2601 710 2660 dictum
731 2607 775 2660 est
794 2606 829 2662 ut
847 2604 924 2661 illud

62 2701 287 2777 protiomscocrc
300 2703 360 2760 deoc
374 2721 461 2777 supra
475 2705 522 2759 41.
540 2707 586 2758 81.
645 2706 672 2759 5.
690 2706 736 2759 34.
752 2702 856 2760 cimolos
871 2703 908 2759 N.

110 2821 136 2872 5.
161 2820 208 2873 35.
231 2801 325 2873 tmiclc
345 2814 383 2871 N.
450 2813 552 2872 Omc'elc
566 2813 615 2872 vel
633 2813 753 2872 Omichle
766 2815 923 2872 rescribere

69 2916 229 2990 oportebat.
246 2913 390 2993 (ὀμίχλη).
431 2912 550 2989 Amycle
562 2914 661 2987 vulgo.

110 3018 136 3071 5.
160 3017 207 3070 36.
230 3011 311 3069 molis
325 3012 363 3069 N.
415 3016 442 3071 5.
457 3017 505 3068 44.
518 3016 592 3088 petes
605 3012 643 3069 N.
697 3015 724 3067 5.
741 3015 788 3068 50.
804 3030 869 3069 aero
882 3012 921 3070 N.

109 3118 136 3168 5.
159 3111 207 3170 47.
229 3110 456 3185 doctis—palem
469 3110 570 3186 Pomp.
586 3111 680 3175 Insor.

109 3218 137 3269 5.
160 3216 208 3270 52.
232 3211 325 3269 velati
336 3211 375 3270 N.
411 3211 522 3269 Orctoti
533 3209 723 3268 Passeratius.
764 3210 872 3267 Occlote'
879 3212 920 3281 H,

69 3308 923 3386 quodilleinterpretaturdebarbariscorpusacuvelcaelo

70 3409 187 3484 punctis
198 3407 344 3486 (tottoocd)
358 3427 417 3466 nou
430 3388 466 3465 ut
482 3406 532 3464 alii
545 3406 581 3466 de
596 3405 689 3466 seruis
702 3405 893 3481 stigmatieis.

484 3507 500 3548 e
889 3515 893 3521 .
