2122 3728
102 229 176 288 xxiv
405 225 646 285 PRAEFATIO.

101 407 131 446 se
141 384 317 462 scripturum
324 383 397 442 dicit
409 389 475 459 ‘per
483 402 622 457 magnum
632 384 712 442 salva
722 384 823 459 puella
830 385 954 444 Iovem!

100 488 259 561 Operosum
283 503 352 543 sane
374 480 508 541 carmen!
532 484 625 540 ‘sacro
647 483 763 541 crimine
789 484 953 542 donanatuc'

96 586 176 644 idern
200 584 346 658 significat
368 586 457 658 atque
474 581 552 639 illud
575 581 657 642 ‘voti
676 582 764 641 reus'
803 583 850 642 cf.
871 589 900 642 4.
927 589 953 642 3.

98 687 157 744 fin:
180 687 329 760 Armaque
351 702 418 740 oum
438 682 534 740 tulero
556 684 657 756 portae
681 680 784 741 votiva
808 682 952 760 Capenae,

99 783 282 842 subscribam
299 781 394 838 ‘salvo
405 782 488 853 grata
501 779 607 854 puella
620 779 702 837 viro!
746 780 838 840 Arma
854 782 956 842 votiva

97 902 155 940 non
176 899 291 939 carmen
305 898 362 955 quo
376 877 548 936 dedicantur
564 878 714 953 promittit
727 880 887 940 Arethusa.

137 985 184 1038 28.
207 985 255 1039 44.
277 985 317 1036 cat
329 982 396 1054 post
408 997 537 1052 magnum
550 977 615 1036 add.
630 978 669 1036 N.

138 1085 184 1136 28.
207 1083 254 1136 53.
272 1079 356 1136 licio
370 1078 408 1148 N,
424 1077 486 1134 an
497 1076 539 1133 H.
580 1076 674 1151 Legae
684 1077 794 1136 Plctlrc‘a
807 1077 832 1136 si
845 1078 955 1138 iterata

99 1178 209 1237 mentio
223 1177 325 1235 Troiae
338 1177 370 1233 in
385 1181 422 1233 54
440 1179 471 1233 te
485 1175 625 1234 offendat.
667 1175 725 1234 sed
739 1176 888 1236 neminem
901 1178 955 1254 qui

99 1280 173 1335 bene
193 1276 308 1335 noverit
321 1274 507 1350 Propertium
527 1274 718 1349 repetitiones
737 1294 789 1351 per
811 1296 841 1334 se
861 1277 954 1336 offen·

99 1377 167 1434 dere
177 1375 294 1433 debent.
336 1373 452 1443 Platea,
469 1373 494 1430 si
507 1372 636 1444 memini,
653 1373 809 1433 nesciocui
828 1378 898 1433 ante
908 1396 955 1435 me

102 1475 225 1552 placuit.

141 1579 188 1632 28.
212 1577 257 1630 54.
275 1572 361 1648 phebi
374 1573 412 1631 N.
446 1571 566 1629 Phoebei
577 1576 604 1628 ct
618 1573 696 1630 muri
707 1573 811 1631 Hertz.
850 1573 955 1632 Italae

103 1674 249 1746 Scaliger3
275 1671 311 1730 of.
328 1672 381 1731 Or.
402 1674 469 1728 Am.
494 1675 521 1727 3.
546 1674 739 1741 12.1·5,oum
763 1671 862 1731 Thebe
886 1693 954 1732 cum

100 1771 284 1829 Troiaforet.

141 1878 188 1930 29.
212 1876 238 1929 l.
260 1871 399 1928 Hectoreo
413 1870 449 1941 N,
466 1889 537 1928 corr.
553 1868 704 1927 Heinsius.
756 1869 829 1929 Vide
844 1892 886 1930 vs.
903 1877 951 1932 42.

141 1975 188 2027 29.
211 1973 237 2025 8.
260 1970 316 2025 iam
330 1968 366 2038 N,
383 1987 446 2024 nam
459 1967 499 2036 H,
516 1968 614 2040 vulgo.
633 1968 690 2024 iam
704 1967 784 2045 (ἤδη)
799 1988 865 2027 oum
878 1973 950 2040 aovi,

101 2073 189 2138 notus,
206 2086 290 2141 saepe
303 2065 446 2139 iungitur.
488 2065 532 2123 Ol.
549 2071 576 2122 2.
593 2070 640 2122 24.
656 2070 712 2123 29:
736 2072 763 2124 2.
780 2072 827 2126 23.
843 2074 891 2129 25.

142 2171 188 2222 29.
214 2169 260 2223 14.
274 2163 351 2238 fores
365 2163 402 2234 N,
419 2163 459 2222 H.
494 2162 571 2237 foria
585 2163 784 2239 Dousapater,
807 2166 841 2223 L.
856 2167 952 2225 Muel-

103 2266 192 2322 lorus

143 2367 190 2420 29.
213 2366 260 2418 21.
282 2380 322 2417 mc
342 2361 373 2417 in
393 2360 459 2417 lecto
481 2362 619 2419 duxerunt
633 2360 671 2417 N.
713 2382 754 2418 mc
768 2363 867 2421 iniecto
882 2366 950 2422 duo-

103 2466 186 2519 erum
198 2459 237 2516 H.
272 2459 351 2516 Oorr.
367 2458 517 2516 Heinsius.

142 2565 190 2618 29.
213 2563 260 2615 24.
283 2562 312 2614 at
326 2557 363 2627 N,
379 2562 406 2614 et
419 2557 453 2627 G,
471 2557 510 2614 Η.
638 2561 684 2615 29.
709 2562 755 2616 31.
783 2560 861 2627 Quod
873 2561 910 2618 N.

145 2663 192 2716 29.
216 2662 262 2715 36.
284 2655 435 2714 voluntatis
458 2655 496 2712 N.
552 2655 703 2714 volutantia
734 2657 859 2733 Lipsius,
890 2660 949 2717 elii.

103 2758 255 2832 voluptatis
268 2754 370 2828 vulgo.
756 2777 759 2783 ·

143 2861 190 2913 29.
214 2859 260 2912 38.
282 2858 373 2922 notua,
389 2851 427 2922 N,
446 2853 486 2911 H.
519 2857 606 2910 motus
619 2852 760 2912 Heinsius
775 2857 805 2913 et
818 2855 878 2926 elii,
893 2856 950 2914 for-

101 2960 177 3014 tasse
191 2957 278 3012 recto.
320 2955 403 3008 notus
416 2951 620 3009 Baehrensius.
662 2957 709 3011 29.
733 2958 781 3012 39.
802 2959 897 3014 nostro
911 2956 948 3013 N.

143 3059 189 3110 29.
212 3056 259 3108 41.
281 3050 387 3107 custode
404 3049 514 3107 raludor
527 3049 566 3106 N.
612 3055 700 3108 custos
715 3050 842 3110 weludor
859 3053 950 3111 Brou-

102 3151 234 3219 khusius,
251 3168 308 3224 quo
321 3146 397 3204 nihil
410 3146 518 3204 rectius
538 3147 638 3218 habeo,
655 3149 712 3206 nisi
732 3150 824 3208 mavis
844 3154 951 3209 custode

102 3253 214 3310 eludor:
238 3251 292 3306 hoc
300 3246 387 3304 facile
395 3245 475 3304 nasci
482 3246 598 3321 potuit:
615 3248 706 3307 altero
720 3250 847 3309 comisso
860 3251 949 3310 libra-

101 3352 162 3409 rius
176 3349 288 3426 syllaba
301 3365 330 3404 re
343 3347 468 3403 metrum
477 3345 617 3421 explevit.
640 3346 768 3423 Cynthia
781 3354 826 3408 est
834 3355 930 3409 custos
943 3373 948 3410 :
