2122 3728
230 248 449 307 PROPERTII
469 248 530 307 ΕΒ.
551 248 596 320 Π,
619 251 666 306 26.
689 247 736 306 27.
876 254 914 305 59

62 406 102 462 Et
115 405 216 464 tabula
228 425 289 465 una
301 407 373 464 duos
385 405 493 482 poterit
506 425 674 482 componere
688 408 826 478 amantes,

102 505 191 562 Prora
204 504 301 563 cubile
314 505 387 562 mihi
400 524 451 563 seu
464 505 538 562 mihi
550 505 657 581 puppis
671 505 735 564 erit.
836 560 843 572 ,

10 617 38 659 ³⁵)
63 603 167 660 Omnia
179 604 346 679 perpetiar:
369 623 471 661 saevus
483 603 554 661 lieet
567 606 671 677 urgeat
684 604 789 675 Eurus,
836 640 839 643 -
878 608 911 661 15

101 701 233 778 Velaque
246 703 278 760 ἐπ
291 701 434 760 incertum
447 701 572 776 frigidus
586 702 695 761 Auster
708 706 785 776 agat,

63 798 266 876 Quotoumque
280 803 311 859 et
323 800 405 859 venti
418 800 555 858 miserum
568 801 697 859 vexastis
710 802 821 860 Ulixen

102 898 141 956 Et
154 898 289 956 Danaum
302 898 430 956 Euboioo
443 898 530 956 litore
544 899 625 957 mille
637 903 723 972 rates,

62 997 102 1055 Et
116 996 167 1073 qui
180 996 313 1056 movistis
325 998 426 1055 montis
439 998 506 1070 duo,
523 1017 590 1055 eum
603 998 675 1056 ratis
688 998 767 1073 Argo

10 1118 36 1157 o)
100 1096 171 1154 Dux
185 1099 248 1155 erat
260 1095 360 1170 ignoto
374 1096 461 1155 missa
474 1097 608 1156 oolumba
619 1097 701 1158 mari.
873 1104 911 1156 20

61 1194 121 1251 Illa
133 1193 205 1252 meis
218 1198 336 1253 tantum
348 1214 407 1252 non
420 1215 560 1272 umquam
573 1195 649 1255 desit
663 1197 769 1270 ooellis,

101 1293 244 1352 Inoendat
256 1313 361 1351 navem
374 1295 511 1370 Iuppiter
523 1294 585 1371 ipse
598 1295 677 1354 lio'et.

61 1392 146 1449 Certe
158 1391 250 1450 isdem
263 1391 336 1450 nudi
348 1392 458 1468 pariter
471 1393 643 1452 iactabimur
657 1394 732 1452 oris:

99 1491 148 1548 Me
160 1489 232 1549 lieet
244 1492 323 1549 unda
334 1491 420 1564 ierat,
435 1494 465 1550 te
478 1492 562 1550 modo
575 1496 654 1552 terra
662 1496 753 1567 tegat.

10 1609 34 1652 o)
61 1590 118 1647 Sed
130 1609 189 1647 non
202 1591 359 1666 Neptunus
372 1592 454 1649 tanto
468 1591 593 1649 erudelis
607 1591 705 1664 amori,
872 1597 909 1650 25

99 1689 256 1765 Neptunus
268 1688 354 1747 tratri
366 1709 419 1765 par
431 1689 462 1746 in
477 1709 572 1748 amore
585 1689 661 1748 Iovi.

60 1787 155 1846 Testis
168 1788 341 1865 Amymone,
356 1787 460 1846 latices
474 1807 537 1846 oum
551 1788 650 1861 ferret,
666 1788 699 1845 in
713 1788 789 1846 arvis

100 1887 277 1962 Compressu,
294 1890 323 1944 et
337 1887 449 1944 Lernae
459 1887 544 1960 pulsa
556 1887 684 1946 tridente
697 1886 791 1963 palus.

60 1987 124 2044 Iam
138 1988 208 2045 deus
222 1987 361 2062 amplexu
374 1990 476 2046 votum
488 1987 629 2062 persolvit
641 2008 660 2063 :¹
671 1990 702 2045 at
714 1987 760 2044 illi

10 2102 35 2143 a)
99 2086 197 2145 Aurea
210 2085 324 2145 divinas
336 2106 411 2145 urna
423 2086 555 2163 profudit
567 2106 666 2163 equas.
872 2093 909 2145 30

60 2184 213 2243 Crudelem
227 2188 258 2243 et
270 2185 391 2244 Boream
404 2188 489 2262 rapta
503 2186 638 2263 Orithyia
651 2185 789 2260 negavit:

98 2282 158 2341 Hie
171 2284 243 2341 deus
257 2286 287 2342 et
297 2278 391 2342 terras
405 2288 435 2343 et
447 2284 539 2343 maria
552 2286 612 2343 alta
625 2285 732 2343 domat.

60 2381 150 2439 Crede
163 2381 244 2454 mihi,
259 2381 342 2439 nobis
354 2381 488 2441 mitescet
502 2383 609 2460 Scylla,
625 2402 679 2441 nee
692 2403 830 2460 umquam

98 2480 274 2538 Alternante
288 2500 393 2538 vorans
406 2484 489 2539 vasta
503 2482 664 2558 Charybdis
674 2502 758 2559 aqua.

10 2593 34 2636 s)
58 2578 186 2653 Ipsaque
199 2577 294 2636 sidera
307 2582 393 2637 erunt
405 2579 497 2637 nullis
509 2582 630 2639 obseura
643 2580 779 2652 tenebris,
871 2586 907 2638 35

97 2678 193 2735 Purus
207 2680 237 2736 et
251 2677 348 2748 Orion,
363 2698 455 2754 purus
468 2682 499 2737 et
511 2679 631 2737 Haedus
646 2679 709 2737 erit.

59 2775 140 2840 Quod
153 2775 227 2832 mihi
241 2775 266 2833 si
278 2777 411 2852 ponenda
422 2780 474 2835 tuo
489 2777 527 2835 sit
541 2798 657 2854 eorpore
670 2777 740 2852 vita,

96 2874 206 2932 Exitus
219 2873 267 2933 hio
280 2875 364 2933 nobis
376 2895 435 2933 non
448 2875 619 2935 inhonestus
632 2876 698 2935 erit.

430 3072 524 3111 xxm,

56 3173 98 3229 At
111 3190 163 3229 vos
176 3171 327 3243 incertam,
343 3172 488 3244 mortales,
504 3171 617 3230 funeris
630 3172 731 3229 horam

95 3269 253 3342 Quaeritis,
270 3273 299 3329 et
313 3290 372 3346 qua
385 3270 424 3329 sit
437 3291 513 3329 mors
527 3271 643 3330 aditura
653 3269 723 3329 uia:

52 3369 197 3431 Quaeritis
210 3372 242 3427 et
254 3371 333 3430 eaelo
343 3372 533 3435 Phoenicum
544 3374 678 3437 inventa
690 3392 813 3445 sereno,
