2122 3728
149 245 186 296 84
331 244 551 304 rnornuru
571 245 632 305 nu.
653 247 718 320 111,
744 252 772 305 s.
790 253 817 305 o.

146 397 204 455 His
219 418 271 473 ego
285 403 438 461 tormentis
453 403 544 462 animi
557 425 622 462 sum
635 425 723 463 verus
737 425 877 482 aruspex,

190 499 254 558 Has
268 502 356 559 didici
370 505 448 560 certo
463 522 547 578 saepe
560 502 592 560 in
606 522 703 561 amore
716 506 813 564 notas.

146 603 175 660 N
177 622 213 660 on
228 605 272 660 est
286 604 365 660 certa
378 601 458 673 fides,
476 622 563 678 quam
576 622 635 661 non
648 602 758 661 iniuria
771 609 882 664 versat.

186 701 329 759 Hostibus
343 699 460 758 eveniat
473 701 554 759 lenta
567 702 667 776 puella
679 702 771 761 meis!
967 710 1001 762 20

146 799 184 857 In
198 818 291 857 morso
306 799 441 875 aequales
454 799 574 857 videant
586 819 651 858 mea
664 801 790 859 vulnera
802 802 899 861 collo:

185 899 234 956 Me
248 898 350 955 doceat
363 896 440 955 livor
451 917 565 956 mecum
578 898 715 958 habuisse
729 920 834 959 meam.

145 998 209 1055 Aut
221 997 254 1054 in
268 1016 363 1054 amore
377 997 475 1055 dolere
488 997 554 1054 volo
568 1001 621 1056 aut
634 999 735 1057 audire
749 999 911 1073 dolentem,

187 1095 255 1152 Sive
269 1114 347 1152 meas
360 1094 494 1153 lacrimas
509 1094 569 1153 sive
582 1096 681 1155 videre
696 1103 772 1172 tuas,

72 1267 75 1274 Ι
147 1193 236 1251 Tecta
250 1192 413 1268 superciliis
427 1192 452 1251 si
466 1194 581 1270 quando
594 1196 683 1254 verba
696 1195 834 1268 remittis,
968 1204 1002 1256 25

184 1293 248 1351 Aut
260 1295 313 1350 tua
327 1311 393 1349 cum
407 1291 507 1366 digitis
522 1293 629 1369 scriptu
643 1293 756 1353 silenda
769 1298 867 1354 notas.

147 1392 203 1449 Odi
217 1411 278 1466 ego,
295 1392 346 1450 cui
357 1410 518 1467 numquam
532 1395 669 1467 pungunt
683 1392 810 1469 suspiria
824 1414 961 1454 somnos:

188 1491 307 1566 Semper
320 1490 352 1546 in
364 1489 441 1548 irata
453 1489 581 1564 pallidus
595 1509 656 1548 esse
669 1490 769 1549 velim.

146 1589 269 1647 Dulcior
281 1588 359 1662 ignis
373 1590 435 1647 erat
449 1586 554 1662 Paridi,
571 1607 637 1645 cum
651 1593 735 1661 grata
747 1608 801 1664 per
814 1609 897 1649 arma

186 1687 346 1765 Tyndaridi
359 1690 475 1764 poterat
488 1686 594 1760 gaudia
607 1685 684 1744 ferre
699 1706 777 1746 suae.
966 1696 1001 1747 30

146 1788 225 1846 Dum
238 1787 362 1845 vincunt
375 1786 478 1859 Danai,
494 1786 564 1844 dum
577 1788 669 1844 restat
682 1786 823 1845 barbarus
836 1787 959 1860 Hector,

186 1889 244 1946 Ille
258 1888 389 1945 Helenae
402 1885 434 1943 in
449 1886 557 1961 gremio
571 1885 699 1943 maxima
711 1886 790 1944 bella
804 1887 891 1961 gerit.

147 1990 210 2046 Aut
223 1993 320 2047 tecum
334 1991 386 2047 aut
399 2007 451 2063 pro
464 1991 495 2045 te
509 1986 582 2044 mihi
596 2006 663 2044 cum
676 1985 820 2045 rivalibus
834 2007 915 2048 arma

188 2089 307 2163 Semper
320 2091 407 2145 erunt
420 2108 426 2142 :
448 2087 481 2143 in
494 2089 524 2143 te
537 2104 597 2160 pax
610 2082 684 2141 mihi
696 2085 780 2142 nulla
792 2086 901 2161 placet.

148 2186 257 2256 Gaude,
274 2186 351 2261 quod
364 2185 448 2243 nulla
462 2187 506 2242 est
519 2202 611 2261 aeque
624 2183 767 2242 formosa:
789 2185 912 2259 doleres,
963 2192 998 2244 35

189 2284 220 2342 Si
235 2305 293 2360 qua
305 2285 397 2343 leret:
420 2302 498 2340 nuno
513 2283 552 2340 sis
565 2283 629 2341 iure
643 2284 767 2357 superba
779 2283 861 2343 licet.

147 2385 190 2442 At
202 2383 266 2454 tibi,
284 2383 335 2459 qui
349 2386 447 2440 nostro
460 2381 563 2440 nexisti
576 2381 651 2439 retia
662 2381 747 2452 lecto,

188 2482 233 2539 Sit
248 2501 326 2539 socer
340 2486 499 2552 aeternum,
514 2500 568 2538 nec
583 2479 644 2538 sine
658 2484 750 2537 matre
764 2479 883 2540 domus!

149 2581 203 2639 Oui
216 2599 295 2638 nunc
309 2580 333 2638 si
347 2600 405 2656 qua
418 2580 486 2636 data
500 2584 544 2637 est
556 2578 697 2636 furandae
711 2578 793 2651 copia
806 2580 911 2652 noetis,

187 2680 304 2737 Offensa
316 2678 368 2735 illa
382 2678 462 2750 mihi,
477 2697 536 2735 non
549 2676 605 2735 tibi
619 2676 718 2749 amica,
734 2676 825 2735 dedit.
962 2683 998 2735 40

547 2874 589 2913 IX.

39 2992 40 2997 ¹
147 2977 298 3034 Maecenas
311 2994 400 3051 eques
414 2975 536 3032 Etrusco
549 2974 585 3031 de
600 2974 740 3048 sanguine
753 2993 865 3048 regum,

186 3075 271 3132 intra
282 3074 431 3132 fortunam
445 3073 496 3149 qui
510 3071 592 3147 cupis
606 3092 666 3130 esse
680 3077 769 3145 tuam,

148 3173 225 3237 Quid
239 3192 285 3230 me
299 3171 442 3230 scribendi
455 3175 515 3229 tam
528 3174 646 3228 vastum
659 3170 753 3229 mittis
765 3170 798 3228 in
812 3170 944 3247 aequor?

186 3271 215 3328 N
216 3291 252 3327 on
267 3275 336 3328 sunt
350 3274 418 3346 apta
430 3289 510 3328 meae
525 3268 646 3342 grandia
658 3269 725 3328 vela
737 3268 803 3327 rati.

146 3369 242 3444 Turpe
252 3373 304 3438 est,
316 3369 394 3445 quod
403 3386 539 3443 nequeas,
551 3365 641 3441 capiti
651 3366 830 3426 committere
838 3369 961 3443 pondus,
979 3373 996 3424 5
