2122 3728
314 235 530 295 PROPERTII
549 236 611 296 ΕΒ.
632 235 687 309 IV,
710 237 737 296 7.
892 237 947 296 127

143 393 248 453 Sibilet
260 393 294 452 in
305 393 427 452 tumulis
441 397 472 453 et
484 413 570 470 super
582 413 646 453 ossa
658 396 754 453 eubet.

104 490 133 551 N
134 511 179 550 am
189 491 305 567 gemina
315 495 359 550 est
368 493 450 552 sedes
458 495 575 569 turpem
585 493 687 552 sortita
696 512 748 570 per
757 512 878 566 amnem,
911 499 948 552 55

142 590 297 668 Turbaque
310 590 424 650 diversa
436 591 560 666 remigat
572 591 664 650 omnis
677 611 762 668 aqua

104 687 171 748 Una
183 688 409 765 Clytaemestrae
423 692 557 766 stuprum
568 691 641 750 retia
654 690 746 749 altera
760 689 887 750 Cressam

142 791 245 850 Portet
257 791 407 850 mentitam
419 791 518 867 lignea
529 795 658 851 monstra
669 791 769 851 bovis:

102 889 177 948 ane
191 892 325 949 coronato
337 910 404 967 pars
417 892 509 950 altera
520 894 596 950 reeta
607 892 737 967 phaselo,

141 988 255 1048 Muleat
266 988 319 1047 ubi
332 989 448 1067 Elysias
461 1009 531 1049 aura
543 991 629 1049 beata
641 1009 728 1062 rosas,
893 1019 896 1025 Δ
910 994 948 1048 60

104 1085 168 1151 Qua
180 1106 334 1146 numerosa
345 1088 427 1160 fides,
442 1108 558 1165 quaque
571 1107 638 1147 aera
650 1087 779 1147 rutunda
792 1086 922 1166 Cybebes

141 1185 330 1264 Mitratisque
343 1191 446 1248 sonant
459 1188 553 1266 Lydia
565 1190 676 1264 plectra
689 1188 791 1260 choris,

102 1285 343 1364 Andromedeque
357 1291 388 1347 et
400 1289 611 1366 Hypermestre
625 1288 686 1348 sine
699 1288 801 1348 fraude
814 1288 933 1349 maritae

141 1384 446 1446 Narrant—historiae
459 1391 577 1465 pectora
588 1390 659 1446 nota
671 1407 779 1447 suae-

101 1483 184 1543 Haeo
198 1503 250 1543 sua
262 1485 401 1544 maternis
413 1486 547 1563 queritur
558 1486 649 1546 livere
662 1485 772 1545 eatenis
909 1491 944 1543 65

141 1582 265 1641 Brachia
276 1603 331 1642 neo
342 1583 460 1644 meritas
472 1584 580 1660 frigida
592 1604 663 1643 saxa
674 1604 797 1643 manus:

101 1680 211 1742 Narrat
222 1683 432 1760 Hypermestre
445 1703 584 1759 magnum
596 1703 680 1742 ausas
693 1702 755 1742 esse
767 1703 884 1755 sorores,

140 1781 180 1838 In
192 1781 287 1840 soelus
300 1782 355 1840 hoe
368 1782 497 1840 animum
508 1802 567 1841 non
580 1781 705 1842 valuisse
719 1801 812 1841 suum.

103 1878 150 1938 Sic
163 1879 265 1939 mortis
277 1880 403 1939 laerimis
415 1881 494 1940 ritae
507 1900 641 1939 sanamus
654 1899 780 1939 amores:

141 1978 209 2037 Gelo
224 1998 276 2054 ego
289 1979 427 2056 perfidiae
440 1979 561 2038 erimina
572 1979 667 2038 multa
679 1982 756 2039 tuae.
908 1982 944 2038 70

103 2076 159 2136 Sed
172 2077 227 2137 tibi
240 2096 319 2137 nune
331 2079 468 2137 mandata
480 2079 589 2150 damus,
605 2079 630 2138 si
641 2079 717 2138 forte
729 2077 862 2151 moveris,

141 2174 173 2234 Si
185 2179 216 2235 te
228 2195 288 2235 non
300 2177 559 2255 totum-Chloridos
571 2178 662 2237 herba
673 2180 775 2237 tenet:

101 2273 213 2332 Nutrix
225 2274 258 2333 in
269 2276 403 2335 tremulis
415 2295 453 2336 ne
467 2276 537 2353 quid
550 2275 693 2335 desideret
705 2276 789 2336 annis

140 2372 314 2432 Parthenio:
336 2373 443 2451 patuit,
458 2393 512 2434 nee
524 2373 580 2434 tibi
593 2392 680 2434 avara
691 2373 759 2434 fuit.

100 2470 289 2548 Deliciaequs
301 2492 381 2533 meae
394 2472 499 2548 Latris,
514 2473 562 2532 eui
574 2492 680 2532 nomen
693 2475 729 2533 ab
742 2493 799 2532 usu
811 2477 863 2547 est,
909 2476 944 2533 75

139 2569 185 2629 Ne
199 2570 348 2646 speculum
361 2572 492 2632 dominae
504 2573 635 2649 porrigat
647 2574 699 2632 illa
711 2594 813 2634 norae.

101 2668 141 2727 Et
154 2688 350 2747 quoscumque
363 2690 427 2740 meo
439 2671 535 2731 fecisti
547 2671 663 2731 nomine
675 2691 784 2744 versus,

140 2766 200 2827 Ure
212 2768 304 2827 mihi:
326 2769 427 2829 laudes
440 2771 538 2830 desine
550 2772 656 2830 habere
669 2790 756 2831 meas.

100 2866 182 2926 Pelle
195 2867 331 2926 hederam
343 2869 467 2942 tumulo,
477 2870 549 2928 mihi
562 2890 637 2949 quae
649 2874 799 2947 pugnante
813 2872 946 2948 corymbo

139 2965 244 3024 Mollia
256 2967 395 3027 contortis
408 2967 511 3043 alligat
524 2989 587 3029 ossa
599 2969 696 3028 eomis.
909 2975 945 3028 80

101 3063 233 3124 Remosis
246 3065 323 3124 Anio
336 3086 395 3144 qua
407 3069 530 3144 pomifer
541 3069 663 3128 incubat
675 3068 752 3128 arvis

72 3158 76 3165 ’
139 3163 181 3221 Et
192 3181 352 3241 numquam
364 3166 510 3226 Herculeo
523 3162 642 3227 numine
655 3167 747 3242 pallet
760 3167 840 3237 ebur,

100 3261 160 3321 Hie
173 3281 289 3322 earmen
301 3263 396 3322 media
408 3263 529 3339 dignum
541 3286 587 3325 me
601 3266 692 3324 seribe
705 3267 853 3335 solumne,

136 3360 195 3418 Sed
208 3361 301 3436 breve,
319 3363 398 3440 quod
411 3383 536 3427 ourrens
547 3368 651 3428 veotor
665 3367 704 3426 atr
715 3363 898 3432 impetet*
906 3379 920 3414 '-
