2122 3728
331 231 548 311 recensuri
569 233 628 291 nn.
651 233 677 304 1,
697 237 741 290 rc.

108 389 169 473 Ille·
179 407 257 448 meos
270 408 432 466 numquam
444 389 557 472 patitur
569 391 749 467 requiescere
762 394 868 468 postes,

146 489 262 563 Arguta
275 487 404 548 referens
418 487 545 546 carmina
557 489 709 548 blanditia.

110 587 234 646 “Ianua
246 587 296 646 vel
309 587 425 646 domina
436 587 555 664 penitus
569 588 712 647 crudelior
724 588 796 664 ipsa,

148 684 225 749 Quid
237 684 312 743 mihi
324 689 386 744 tam
398 684 479 744 duris
493 685 591 745 clausa
603 690 682 756 taces
694 687 828 746 loribus?

107 783 167 843 Gur
179 803 340 861 numquam
352 788 480 844 reserata
491 804 571 844 meos
584 786 715 845 admittis
729 806 847 858 amores,

147 882 252 942 Nescia
264 882 389 942 furtivas
402 884 522 943 reddere
534 887 614 943 mota
626 884 749 961 preces?

107 980 236 1039 Nullane
249 980 317 1040 finis
330 981 387 1040 crit
399 985 499 1041 nostro
512 1001 646 1041 concessa
658 982 759 1056 dolori,

147 1079 253 1138 Tristis
265 1082 297 1139 et
308 1079 341 1138 in
353 1079 453 1155 tepido
465 1079 567 1139 limine
581 1100 698 1139 somnus
711 1080 791 1140 erit?

107 1177 157 1236 Me
169 1178 281 1238 mediae
293 1182 402 1250 noctes,
417 1198 463 1237 me
477 1178 571 1237 sidera
582 1197 673 1255 prona
685 1178 836 1252 iacentem,

146 1276 323 1353 Frigidaque
337 1295 388 1336 eoo
401 1296 448 1335 me
461 1277 541 1336 dolet
554 1296 624 1336 aura
637 1279 722 1352 gelu:

107 1375 153 1432 Tu
167 1375 227 1433 sola
239 1365 387 1434 humanos
394 1387 555 1452 numquam
567 1375 704 1436 miserata
717 1376 829 1435 dolores

146 1474 313 1551 Respondes
326 1473 425 1534 tacitis
438 1477 542 1533 mutua
555 1475 728 1534 cardinibus.

108 1573 132 1631 Ο
146 1573 259 1633 utinam
271 1573 395 1632 traiecta
408 1592 478 1633 cava
491 1592 555 1632 mea
567 1575 672 1633 vocula
685 1574 759 1632 rima

145 1674 299 1733 Percussae
312 1673 444 1732 dominae
456 1676 553 1732 vertat
565 1672 598 1731 in
612 1672 756 1731 auriculas
768 1671 775 1732 l

108 1772 154 1831 Sit
166 1773 236 1832 licet
249 1777 280 1832 et
293 1791 363 1832 saxo
376 1771 534 1849 patientior
545 1771 599 1830 illa
612 1771 724 1844 Sicano,

148 1865 193 1922 Sit
204 1864 275 1923 licet
288 1868 319 1923 et
330 1863 407 1923 ferro
420 1863 520 1921 durior
531 1865 562 1920 et
574 1862 698 1938 chalybe
710 1883 717 1919 :

107 1963 136 2019 N
137 1983 174 2020 on
186 1966 286 2021 tamen
298 1963 351 2020 illa
364 1980 430 2021 suos
438 1961 548 2037 poterit
560 1980 739 2036 compescere
752 1961 865 2032 ocellos,

148 2062 254 2137 Surget
266 2064 297 2121 ct
309 2061 411 2121 invitis
424 2060 544 2137 spiritus
555 2059 588 2118 in
600 2060 737 2119 lacrimis.

107 2159 194 2218 Nunc
206 2160 282 2219 iacet
295 2159 416 2218 alterius
428 2158 509 2217 felici
521 2157 594 2216 nixa
606 2157 714 2216 lacerto
724 2179 731 2214 :

145 2257 187 2317 At
199 2277 263 2317 mea
274 2261 417 2316 nocturno
429 2259 519 2317 verba
531 2256 639 2314 cadunt
650 2255 794 2332 Zephyro.

108 2356 165 2415 Sed
177 2360 212 2415 tu
226 2357 287 2416 sola
299 2356 365 2428 mei,
379 2359 415 2415 tu
427 2356 555 2415 maxima
568 2374 654 2415 causa
666 2354 780 2429 doloris,
832 2391 834 2395 -

145 2456 231 2515 Victa
243 2455 316 2515 meis
328 2475 496 2532 numquam,
512 2454 608 2526 ianua,
624 2454 801 2513 muneribus.

107 2555 148 2612 Te
161 2574 219 2612 non
232 2555 295 2613 ulla
307 2573 388 2613 meae
401 2554 487 2612 laesit
500 2551 664 2629 petulantia
675 2551 802 2627 linguae,

147 2653 227 2717 Quae
240 2653 315 2712 solet
327 2653 438 2728 inprato
451 2651 546 2710 dicere
559 2653 625 2710 cota
637 2650 709 2721 loco,

107 2751 149 2810 Ut
161 2771 207 2810 me
220 2755 282 2811 tam
294 2752 382 2826 longa
394 2770 514 2809 raucum
527 2749 637 2825 patiare
651 2749 781 2824 querella

147 2850 292 2909 Sollicitas
305 2849 393 2907 trivio
406 2848 581 2925 pervigilare
594 2866 696 2905 moras.

107 2953 149 3008 At
161 2952 216 3009 tibi
230 2970 315 3026 saepe
328 2970 403 3008 novo
417 2949 526 3008 deduxi
539 2948 666 3006 carmina
678 2967 773 3015 versu,

147 3050 310 3126 Osculaque
323 3046 460 3123 inpressis
472 3047 544 3105 nixa
556 3045 623 3104 dedi
637 3045 781 3119 gradibus.

107 3148 185 3206 Ante
198 3151 265 3206 tuos
279 3146 414 3224 quotiens
426 3145 503 3206 verti
515 3164 570 3219 me,
585 3144 703 3220 perfida,
718 3146 823 3219 postes,

146 3246 311 3322 Debitaquc
324 3244 444 3304 occultis
457 3248 526 3304 vota
538 3243 597 3302 tuli
609 3242 742 3302 manibus
754 3241 781 3299 l'’

107 3343 188 3404 Haec
200 3345 252 3405 ille
266 3347 297 3404 et
310 3343 335 3404 si
348 3363 422 3420 quac
435 3342 533 3402 miseri
545 3340 668 3401 novistis
681 3343 810 3399 amantes

507 3460 522 3498 c
536 3445 554 3498 2

924 238 958 290 19

923 396 957 448 15
