2122 3728
140 214 177 267 36
346 209 564 269 PROPERTII
585 210 644 268 BL.
667 211 711 281 II,
735 214 762 268 8.
786 215 814 269 9.

177 366 243 425 Hoc
257 367 356 426 eodem
368 367 446 426 ferro
461 368 556 427 stillet
569 372 694 445 uterque
709 387 802 427 cruor.

140 467 279 532 Quamvis
292 468 349 526 ista
362 468 434 525 mihi
447 488 523 526 mors
537 471 582 526 est
594 468 749 525 inhonesta
762 466 883 524 futura:

178 566 259 625 Mors
271 567 426 625 inhonesta
440 567 566 643 quidem,
581 569 616 625 tu
629 566 751 625 moriere
764 568 874 624 tamen.

141 665 199 724 Ille
214 665 302 724 etiam
316 667 436 741 abrepta
449 666 582 724 desertus
596 665 719 739 coniuge
732 665 866 724 Achilles

179 763 296 822 Cessare
309 763 341 822 in
354 764 442 823 tectis
454 764 581 840 pertulit
595 784 674 822 arma
688 783 748 822 sua.
958 769 996 821 30

139 860 263 919 Viderat
276 862 328 919 ille
340 862 483 938 Phrygas,
499 861 607 923 fractos
619 861 651 919 in
664 861 751 920 litore
764 861 902 934 Achivos,

179 959 305 1018 Fervere
320 964 350 1018 et
363 960 512 1018 Hectorea
524 960 631 1018 Dorica
644 964 738 1020 castra
750 959 823 1032 face,

139 1058 262 1117 Viderat
275 1058 428 1117 informem
445 1059 540 1117 multa
550 1060 705 1117 Patroclon
718 1060 828 1118 harena

176 1158 348 1215 Porrectum
362 1160 393 1215 et
406 1176 519 1232 sparsas
534 1157 620 1215 caede
633 1157 727 1216 iacere
742 1177 845 1231 comas,

141 1255 246 1314 Omnia
258 1255 414 1313 formosam
426 1258 546 1331 propter
559 1254 692 1314 Briseida
704 1275 824 1332 passus:
957 1262 995 1315 35

176 1355 287 1413 Tantus
300 1354 332 1412 in
346 1357 445 1430 erepto
460 1355 553 1413 saevit
567 1374 662 1413 amore
677 1355 768 1414 dolor.

137 1455 180 1511 ht
192 1457 347 1530 postquam
362 1473 426 1511 sera
440 1453 556 1529 captiva
570 1456 615 1512 est
628 1455 743 1513 reddita
755 1475 858 1532 poena,

176 1553 294 1611 Fortem
308 1554 380 1612 idern
393 1553 565 1612 Haemoniis
578 1553 707 1611 Hectora
719 1554 815 1613 traxit
828 1555 921 1632 equis.

139 1651 267 1710 Inferior
279 1653 373 1711 multo
388 1671 453 1711 cum
468 1653 523 1710 sim
536 1652 584 1711 vel
598 1657 690 1710 matre
704 1652 752 1711 vel
766 1652 862 1725 armis,

178 1751 297 1823 Mirum,
314 1751 339 1810 si
353 1751 388 1810 de
402 1771 448 1809 me
462 1751 526 1811 iure
541 1751 705 1828 triumphat
719 1752 830 1810 Amor?
956 1756 995 1809 40

547 1949 590 1986 IX.

141 2048 203 2104 Iste
217 2046 295 2123 quod
308 2050 360 2117 est,
378 2067 431 2122 ego
446 2067 530 2124 saepe
543 2048 588 2106 fui
601 2070 607 2106 :
632 2048 681 2107 sed
694 2048 754 2107 fors
768 2051 798 2107 et
811 2048 844 2106 in
857 2049 929 2106 hora

179 2142 244 2199 Hoc
257 2142 321 2218 ipso
335 2143 428 2200 eiecto
443 2143 534 2201 carior
548 2144 622 2202 alter
637 2144 700 2202 erit.

140 2240 285 2315 Penelope
299 2244 414 2316 poterat
427 2240 472 2299 bis
486 2241 575 2299 denos
589 2242 669 2300 salva
682 2260 734 2317 per
747 2261 838 2300 annos

179 2339 295 2410 Vivere,
311 2341 372 2396 tam
385 2339 488 2397 multis
501 2339 611 2398 femina
625 2340 715 2415 digna
727 2342 841 2417 procis:

143 2437 317 2511 Coniugium
330 2437 405 2494 falsa
417 2439 534 2512 poterat
547 2438 665 2497 differre
678 2440 821 2512 Minerva,
977 2446 994 2497 5

180 2536 331 2594 Nocturno
347 2536 462 2593 solvens
475 2539 560 2593 texta
573 2536 678 2594 diurna
691 2537 756 2596 dolo
769 2559 776 2597 :

141 2635 249 2693 Visura
263 2638 293 2692 et
307 2633 440 2709 quamvis
454 2653 613 2710 numquam
628 2641 757 2712 speraret
770 2638 891 2708 Ulixen,

178 2733 270 2790 Illum
285 2730 465 2806 expectando
478 2730 557 2790 iacta
570 2734 709 2792 remansit
723 2754 805 2793 anus.

139 2832 168 2889 N
170 2851 201 2890 ec
214 2848 273 2889 non
287 2830 451 2889 exanimem
465 2832 641 2907 amplectens
654 2832 762 2892 Briseis
775 2834 922 2893 Achillem

179 2929 308 2988 Candida
320 2948 427 2987 vesana
440 2931 576 2988 verberat
589 2951 639 2989 ora
651 2951 749 3003 manu,
960 2937 995 2990 10

140 3031 180 3087 Et
193 3029 342 3087 dominum
355 3029 431 3088 lavit
444 3049 575 3088 maerens
589 3031 704 3106 captiva
718 3035 880 3104 cruentum,

178 3127 363 3202 Propositum
377 3127 477 3186 fluviis
490 3128 521 3185 in
536 3128 684 3188 Simoenta
697 3130 787 3202 vadis,

139 3225 338 3301 Foedavitque
353 3245 457 3296 comas,
473 3230 503 3285 et
516 3227 593 3284 tanti
608 3247 712 3304 corpus
726 3230 836 3288 Achilli

173 3323 365 3404 Maximoque
378 3324 409 3384 in
423 3345 515 3404 parva
529 3326 652 3386 sustulit
665 3347 730 3386 ossa
740 3347 842 3396 manu,
