2166 3736
265 244 483 304 PROPERTII
503 243 563 301 EL.
585 245 648 317 ΙΙΙ,
674 249 719 302 19.
735 249 782 303 20.
898 251 949 304 101

97 401 140 461 At
154 422 214 476 vos,
228 403 380 480 innuptae,
395 401 511 460 felicius
524 401 603 460 urite
616 402 735 461 taedas:
914 408 952 460 25

137 502 249 562 Pendet
263 503 384 562 Cretaea
396 503 491 560 tracta
503 500 604 576 puella
616 503 689 559 rate.

97 599 165 657 Non
179 602 278 659 tamen
289 599 426 658 inmerito
439 599 536 657 Minos
550 599 631 657 sedet
645 598 754 658 arbiter
767 599 852 658 Orci:

137 697 240 757 Victor
253 702 316 758 erat
330 697 472 775 quamvis,
489 717 600 774 aequus
612 696 645 755 in
657 697 741 757 hoste
754 697 823 757 fuit.

498 894 548 932 XX.

99 994 199 1052 Credis
213 1014 280 1053 eum
293 995 352 1052 iam
364 1013 449 1070 posse
462 996 531 1052 tuae
544 993 710 1053 meminisse
722 995 843 1070 figurae,

137 1092 246 1151 Vidisti
260 1112 277 1150 u
290 1093 365 1151 lecto
380 1111 468 1169 quem
481 1092 550 1150 dare
563 1093 630 1151 vela
642 1092 718 1152 tuo?

98 1191 207 1263 Durus,
223 1192 275 1268 qui
288 1192 371 1250 lucro
383 1191 483 1268 potuit
495 1194 609 1250 mutare
622 1191 771 1268 puellam!

45 1314 49 1321 ·
138 1289 273 1362 Tantine,
289 1290 334 1348 laia
347 1290 484 1362 lacrimis,
500 1289 602 1349 Africa
615 1293 679 1349 tota
691 1289 775 1350 fuit?

98 1388 141 1447 At
153 1392 197 1462 tu,
214 1390 315 1460 stulta,
332 1389 408 1461 deos,
425 1391 460 1447 tu
473 1387 562 1463 fingis
574 1388 675 1447 inania
687 1391 784 1449 verba.
935 1394 952 1447 5

137 1489 273 1547 Forsitan
287 1489 339 1547 ille
353 1488 410 1547 alio
424 1491 528 1565 pectus
543 1506 639 1546 amore
651 1490 739 1546 terat.

98 1587 155 1645 Est
168 1587 224 1646 tibi
236 1587 330 1645 forma
343 1589 455 1663 potens,
472 1588 542 1645 sunt
555 1589 650 1644 castae
663 1586 791 1644 Palladis
805 1589 891 1660 artes,

139 1685 355 1763 splendidaque
369 1706 386 1744 a
399 1686 483 1744 docto
495 1684 575 1743 fama
587 1683 717 1758 refulget
730 1703 793 1743 avo.

98 1785 262 1845 Fortunata
274 1787 385 1858 domus,
401 1786 484 1844 modo
498 1784 537 1843 sit
550 1784 606 1844 tibi
621 1785 697 1842 fidus
711 1784 829 1844 amicus.

137 1885 230 1944 Fidus
244 1906 312 1944 ero:
334 1885 367 1943 in
379 1888 493 1943 nostros
507 1903 599 1955 curre,
615 1885 723 1959 puella,
740 1885 827 1942 aiace.
916 1889 952 1944 10

98 1983 168 2042 Nox
180 1984 255 2042 mihi
267 1983 362 2060 prima
374 1984 474 2042 venit:
495 1983 606 2060 primae
619 1984 657 2040 da
669 1984 801 2058 tempora
813 1982 911 2042 nocti:

139 2081 269 2156 Longius
282 2081 315 2139 in
327 2081 431 2157 primo,
447 2081 541 2153 Luna,
557 2100 669 2138 morare
681 2083 755 2138 toro.

50 2179 88 2223 (Π)
100 2181 145 2239 Tu
160 2201 285 2259 quoque,
301 2181 354 2258 qui
367 2181 492 2240 aestivos
506 2180 660 2257 spatiosius
674 2179 768 2255 exigis
781 2179 873 2255 ignes,

50 2284 88 2328 (¹²)
139 2281 264 2352 Phoebe,
280 2283 444 2338 moraturae
458 2280 596 2338 contrahe
609 2279 684 2338 lucis
697 2279 764 2338 iter.

99 2379 229 2438 Foedera
243 2381 313 2437 sunt
326 2379 460 2454 ponenda
472 2378 554 2455 prius
568 2378 767 2456 signandaque
779 2378 845 2438 iura
917 2384 951 2437 15

140 2478 180 2537 Et
194 2477 345 2536 scribenda
357 2477 431 2536 mihi
443 2478 495 2536 lex
507 2477 540 2535 in
553 2496 649 2536 amore
662 2497 747 2537 novo.

100 2576 183 2634 Haec
196 2576 288 2633 Amor
300 2575 362 2651 ipse
377 2595 429 2634 suo
443 2574 618 2649 constringet
630 2575 752 2650 pignera
765 2575 864 2650 signo:
879 2636 883 2642 ,

140 2674 236 2733 Testis
249 2673 376 2733 sidereae
389 2676 469 2733 torta
482 2693 586 2732 corona
599 2673 678 2732 deae.

102 2773 197 2838 Quam
209 2773 320 2831 multae
334 2775 401 2831 ante
415 2772 488 2830 meis
502 2773 606 2831 cedent
619 2773 799 2832 sermonibus
811 2773 909 2846 horae,

140 2871 248 2930 Dulcia
260 2891 349 2948 quam
361 2870 445 2931 nobis
459 2870 585 2929 concitet
598 2891 677 2930 arma
689 2871 808 2931 Venus!
916 2876 954 2930 20

101 2971 245 3047 Namque,
260 2969 313 3028 ubi
325 2989 386 3028 non
399 2972 477 3028 certo
490 2969 622 3029 vincitur
634 2969 749 3029 foedere
762 2970 865 3043 lectus,

117 3111 119 3114 -
141 3067 171 3126 N
171 3087 210 3125 on
221 3069 312 3127 habet
324 3069 435 3127 ultores
447 3087 508 3126 nox
521 3068 668 3143 vigilanda
681 3069 758 3141 deos,

102 3166 143 3225 Et
156 3166 264 3242 quibus
276 3165 424 3243 imposuit,
441 3167 529 3227 solvit
541 3186 608 3226 mox
621 3166 719 3226 vincla
731 3166 840 3227 libido:

143 3264 319 3324 contineant
331 3267 415 3326 nobis
429 3266 526 3325 omina
538 3266 632 3342 prima
644 3266 741 3325 fidem.

103 3364 189 3440 Ergo,
207 3364 259 3442 qui
271 3365 544 3442 pactasinioedera
557 3365 673 3444 ruperit
684 3384 761 3437 aras,
918 3367 993 3429 ‘aa
