2122 3728
127 282 163 334 90
282 253 665 346 recreabuntur,
692 282 737 343 11,
766 283 815 336 12.
926 263 929 269 ’

126 435 244 492 Coclitis
258 434 395 493 abscissos
408 439 535 493 testatur
550 434 652 493 semita
664 440 778 511 pontes,
946 443 979 494 65

166 535 218 592 Eat
232 535 279 593 oui
294 554 451 609 cognomen
464 554 568 593 corrue
581 535 687 593 habere
702 535 793 593 dedit.

127 635 208 691 Haec
223 634 253 691 di
276 635 474 705 condiderant,
499 634 576 692 haec·
591 634 622 691 di
642 653 761 711 quoque
779 636 900 693 moenia
920 657 976 694 sor-

205 739 292 791 vent:

165 832 226 889 Vix
238 832 341 890 timeat
355 832 435 890 salvo
446 832 565 890 Caesare
579 832 673 890 Roma
685 833 798 892 Iovem.

126 931 287 988 Leucadius
300 949 398 988 versas
411 929 486 988 acies
498 931 670 991 memorabit
685 932 806 1008 Apollo.

165 1029 292 1087 Tantum
305 1028 399 1104 operis
412 1029 484 1087 belli
495 1029 619 1088 sustulit
631 1049 692 1088 una
704 1030 779 1090 dies.
947 1035 983 1091 70

125 1130 167 1185 At
180 1131 223 1200 tu,
240 1127 301 1186 sive
314 1130 395 1202 petes
408 1131 510 1203 portus
524 1147 584 1199 seu,
599 1127 710 1201 navita,
725 1129 860 1207 linques,

164 1228 293 1287 Caesaris
305 1228 337 1285 in
349 1231 413 1286 toto
426 1228 466 1287 sie
478 1248 589 1286 memor
603 1229 697 1287 Ionio.

516 1424 571 1465 111.

124 1531 268 1600 Postume,
284 1529 447 1604 plorantem
459 1527 583 1603 potuisti
595 1527 729 1604 linquere
743 1530 876 1603 Gallam,

162 1629 249 1687 Miles
263 1632 293 1688 et
306 1628 436 1703 Augusti
447 1628 536 1686 fortia
548 1627 633 1702 signa
645 1628 756 1705 sequi?

123 1727 247 1786 Tantine
260 1727 323 1784 ulla
335 1725 395 1785 tuit
409 1725 524 1802 spoliati
539 1725 630 1801 gloria
644 1725 758 1798 Parthi,

162 1825 207 1883 Ne
220 1824 339 1897 faceres,
354 1824 441 1884 Galla
454 1826 548 1884 multa
560 1829 682 1899 rogante
696 1827 775 1886 tua?

43 1916 48 1926 ’
123 1926 154 1984 Si
167 1925 212 1983 fes
226 1929 278 1996 est,
295 1945 393 1983 omnes
406 1925 516 2000 pariter
528 1924 654 2000 pereatis
667 1926 758 1996 avari,
963 1937 979 1987 5

162 2025 201 2082 Et
215 2024 348 2100 quisquis
359 2024 418 2081 fido
432 2023 573 2099 praetulit
586 2043 665 2081 arma
678 2029 742 2083 toro
754 2025 762 2084 l

122 2123 166 2180 Tu
179 2126 279 2180 tamen
291 2121 401 2180 iniecta
414 2125 518 2193 tectae,
534 2141 648 2194 vesane,
664 2122 783 2182 lacerna

160 2222 277 2281 Potabis
291 2222 374 2295 galea
386 2221 480 2280 lessus
493 2221 600 2280 Araxis
614 2241 729 2298 aquam.

120 2322 179 2379 Illa
192 2321 311 2398 quidem
323 2320 435 2379 interea
447 2321 526 2378 lama
538 2322 668 2379 tabescet
680 2320 772 2393 inani,

159 2421 240 2478 Haec
253 2424 307 2478 tua
319 2439 357 2478 ne
369 2419 465 2478 virtus
477 2420 531 2477 fiat
544 2439 642 2477 amam
654 2419 718 2490 tibi,
943 2431 976 2482 10

120 2522 200 2579 Neve
214 2523 267 2579 tue
280 2519 383 2577 Medae
396 2519 544 2576 laetentur
558 2518 643 2577 caede
658 2519 792 2593 sagittae,

159 2621 282 2678 Ferreus
296 2622 397 2676 aurato
411 2636 470 2675 neu
484 2618 687 2693 cataphractus
700 2637 787 2694 equo,

118 2721 200 2779 Neve
214 2718 326 2795 aliquid
339 2718 374 2775 de
387 2719 418 2776 te
427 2717 557 2775 flendum
570 2716 714 2776 referatur
726 2718 759 2776 in
768 2738 854 2778 urna

159 2820 206 2879 sic
219 2820 349 2890 redeunt,
364 2816 425 2874 illis
439 2816 491 2892 qui
506 2817 635 2876 cecidere
648 2818 728 2876 locis.

119 2920 176 2977 Ter
189 2920 294 2995 quater
306 2916 338 2974 in
353 2920 431 2973 casta
444 2915 518 2973 felix
533 2936 549 2974 o
563 2917 700 2975 Postume
714 2917 811 2990 Galla,
941 2928 975 2980 15

157 3017 289 3075 Moribus
302 3016 349 3074 his
362 3014 419 3072 alia
431 3015 555 3089 coniuge
567 3015 674 3089 dignus
688 3017 770 3075 eras!

119 3117 197 3181 Quid
209 3116 299 3174 faciet
311 3115 394 3172 nullo
408 3113 522 3172 munita
534 3115 634 3190 puella
646 3115 759 3188 timore,

157 3217 216 3276 Ouc'
228 3217 266 3274 sic
279 3215 425 3286 luxuriae,
441 3216 542 3286 Romo,
558 3217 804 3290 magistratusue?

119 3317 176 3375 Sed
186 3335 304 3374 securus
317 3334 382 3372 eas:
405 3313 521 3373 Gallam
534 3335 593 3373 non
606 3335 727 3374 munera
739 3316 872 3390 vincent,

156 3413 349 3489 Duritiaeque
362 3416 431 3471 tuae
444 3433 504 3471 non
517 3415 574 3474 erit
586 3414 639 3473 illa
652 3433 769 3472 memor.
