2122 3728
384 235 508 293 LIBER
528 235 583 294 IV.
889 234 913 294 li

52 393 158 452 sariba.
191 412 269 452 orma
282 393 323 465 H,
338 392 408 450 libri
420 391 559 469 plurimi:
580 392 631 451 sed
644 412 693 452 ora
707 392 786 470 quod
799 392 912 470 aliquot
923 432 927 439 -

52 492 125 551 libri
140 491 282 550 exhibent
295 492 430 550 excidere
443 492 542 568 potuit
555 496 622 569 post
635 512 687 552 er.

95 595 125 649 4.
149 590 197 648 37.
218 594 329 664 toloneo
342 591 380 662 N,
395 595 518 665 reportet
530 591 570 664 H,
586 591 656 649 libri
668 591 814 650 nonnulli.

95 694 124 745 4.
148 693 196 746 42.
223 689 278 746 011
289 688 324 746 L.
338 688 510 760 Muellerus,
525 690 648 748 fortasse
661 693 749 750 reete.

96 792 124 844 4.
148 787 195 846 47.
212 785 388 862 1191111111·
413 786 452 859 N,
481 787 522 846 H.
565 788 673 847 Contra
693 789 784 847 libros
811 787 912 864 scripsi

55 885 215 957 cessabitur,
230 889 348 958 temere,
371 889 406 944 ut
426 886 519 958 oredo,
540 906 558 944 a
577 886 678 946 scribis
697 887 729 946 in
737 887 913 962 popoootwr

55 987 213 1044 mutatum.
254 985 330 1042 Nam
343 984 470 1060 primum
484 990 542 1044 tota
554 986 585 1043 olo
599 985 664 1044 orbo
671 987 799 1061 propriori
810 1005 863 1061 per
882 1006 912 1044 se

55 1083 216 1141 absurdum
230 1086 284 1142 est.
311 1083 377 1156 Qui,
390 1103 506 1160 quaeso,
519 1084 679 1161 pugnaturi
693 1084 786 1142 sunt?
812 1084 912 1143 Sabini

57 1185 88 1239 et
104 1180 239 1239 Romani.
280 1180 322 1239 At
345 1181 446 1241 sabini
466 1185 551 1240 extra
570 1202 668 1240 muros
689 1185 766 1255 sunt,
782 1183 911 1240 nondum

56 1282 88 1338 111
102 1280 177 1338 urle.
219 1281 294 1338 Tum
317 1285 374 1339 tota
394 1281 529 1358 ineptum
550 1285 604 1341 est.
644 1282 756 1340 Rumor
776 1282 818 1340 ait
837 1301 911 1358 pug-

35 1369 125 1436 ‘nam
138 1379 201 1436 fore
216 1383 273 1436 tota
286 1379 318 1436 in
337 1378 411 1451 arbe,
433 1399 486 1455 per
507 1399 606 1438 omnes
625 1379 722 1439 vicos!
764 1379 837 1445 Quis
856 1399 911 1438 un-

58 1497 147 1553 quam
161 1476 197 1535 da
210 1477 265 1535 tali
278 1496 377 1553 pugna
391 1477 527 1537 audivit?
560 1478 692 1538 Tertium
706 1482 912 1553 argumentum

58 1575 197 1652 estquod
217 1588 283 1634 oum
303 1575 455 1634 advenerit
474 1576 618 1634 crastinus
631 1576 693 1635 dies
712 1578 748 1635 de
762 1596 819 1653 quo
840 1577 910 1634 Tar·

57 1675 124 1750 peia
138 1674 255 1732 Tatium
276 1676 420 1747 admonet,
436 1675 513 1733 nihil
526 1676 562 1734 de
575 1695 674 1752 pugna
693 1676 752 1733 iam
765 1674 907 1747 audimus,

59 1775 96 1832 73
118 1794 210 1850 seqq,
227 1775 276 1833 sed
297 1773 425 1834 desasto
445 1774 501 1846 die,
524 1794 591 1833 eum
609 1774 752 1833 Romulus
772 1773 910 1833 excubias

58 1875 190 1934 decrevit
208 1874 241 1933 in
254 1874 314 1933 otia
330 1876 412 1948 solvi,
430 1879 560 1951 tempore
578 1874 795 1933 insidiatoribus
808 1894 910 1951 oppor-

58 1973 223 2032 tunissimo.
265 1973 466 2032 Necessarium
479 1973 596 2031 videtur
607 1992 739 2030 amovere
752 1973 910 2049 1111111119-

59 2071 184 2130 nabetur.
229 2071 261 2130 si
277 2072 343 2148 quis
362 2074 469 2131 habeat
484 2074 606 2130 verbum
625 2071 746 2147 propius
766 2073 803 2129 ad
821 2071 911 2130 libros

60 2174 199 2231 accedens
213 2193 300 2250 quam
314 2174 471 2244 cessabitur,
486 2173 570 2231 nobis
582 2161 641 2231 non
651 2171 797 2230 invideat:
814 2172 912 2249 aptius

61 2273 98 2331 111
111 2271 286 2330 sententiam
300 2292 388 2348 quam
400 2273 481 2330 loeus
494 2271 624 2346 postulat
637 2290 696 2328 non
709 2270 881 2346 reperietur.

101 2376 129 2429 4.
153 2374 200 2428 51.
222 2372 329 2447 mopioe
343 2371 381 2428 N.
415 2388 527 2446 moqaae
541 2368 700 2447 (vocativo)
714 2370 759 2428 ed.
793 2371 913 2446 mapo'oae

62 2471 162 2544 vulgo.

102 2574 130 2625 4.
154 2574 201 2626 55.
223 2569 272 2626 Ita
289 2568 327 2626 N.
370 2567 493 2642 Signum
512 2567 711 2641 interrogandi
733 2569 810 2645 quod
828 2567 914 2644 posui

64 2668 100 2724 111
115 2668 166 2724 fin.
182 2687 210 2725 v.
233 2666 330 2724 omnia
342 2666 430 2742 plana
442 2665 523 2724 iacit.
567 2666 617 2724 So'o
630 2671 674 2725 est
693 2667 739 2726 ἐπὶ
756 2667 863 2739 τοῖσδε,
879 2671 915 2725 ut

64 2786 148 2842 saepe
162 2765 241 2841 apud
253 2766 448 2841 Propertium.
483 2767 628 2840 patriotae
641 2765 682 2826 Η.

104 2870 131 2921 4.
155 2869 201 2934 59,
220 2869 266 2922 60.
288 2864 407 2923 soluere:
427 2869 538 2938 nuptae,
553 2864 603 2921 Vos
614 2868 670 2922 oet.
707 2864 756 2922 Ita
770 2864 801 2922 H
814 2865 912 2939 vulgo,

65 2983 131 3020 oum
144 2962 237 3021 libris.
273 2961 390 3038 Optime
404 2965 434 3020 et
446 2961 586 3019 facillime
599 2962 695 3020 locum
709 2961 824 3021 sanavit
833 2963 915 3021 Mad-

65 3064 171 3138 vigius.
222 3064 313 3138 ‘Ego
341 3063 367 3120 si
393 3063 477 3121 Tatio
504 3063 622 3134 nubam,
651 3062 815 3122 commissas
842 3063 917 3122 acies

67 3163 177 3221 solvere
189 3181 322 3238 possum3
344 3181 395 3220 vos
410 3162 547 3239 (Romani
562 3162 801 3239 asthmata),
817 3165 916 3221 nostro

67 3260 200 3336 ooniugio
212 3261 314 3320 foedus
327 3260 421 3321 inite.’

107 3365 134 3416 4.
158 3364 204 3417 68.
226 3359 344 3435 acosaolo'o
357 3358 435 3433 libri,
451 3379 478 3418 oe
491 3359 584 3435 soriis
600 3358 780 3418 Passeratius
794 3363 824 3420 et
838 3360 916 3420 Livi-

1045 3492 1057 3593 l
