2122 3728
111 223 168 277 130
328 213 549 273 ruornurn
568 213 631 274 nn.
652 215 710 290 Ν,
735 222 764 279 s.

109 376 182 434 Cum
196 373 292 434 subito
305 371 386 432 rauci
399 375 562 431 sonuemmt
575 372 693 433 cardine
706 379 832 452 postes·

149 477 190 535 llt
201 475 279 534 levia
291 473 448 551 adprimus
460 493 613 533 murmura
624 473 706 534 facta
719 475 822 539 Lares.
922 482 951 534 50

110 576 172 635 Nec
185 594 273 646 mora,
289 593 356 632 cum
367 575 444 631 totas
457 573 612 648 resupinat
625 572 759 650 Cynthia
772 576 882 648 valvas,

146 674 215 733 Non
227 691 346 750 operosa
359 670 456 743 comis,
473 671 524 730 sed
537 670 700 731 furibunda
713 673 833 735 decens.

108 774 217 833 Pocula
230 772 271 830 mi
284 771 392 846 digitos
404 770 482 829 inter
495 771 626 832 cecidere
639 773 789 846 remissos,

143 872 376 947 Pallueruntque
389 867 453 946 ipso
466 868 551 927 lubra
564 870 661 929 soluta
674 890 768 931 mero.

105 969 257 1030 Fulminat
270 968 324 1026 illa
336 968 429 1027 oculis
442 971 473 1027 et
486 973 632 1045 quantum
644 968 759 1030 femina
773 971 886 1032 saevit:
927 977 956 1028 55

145 1069 329 1146 spectaclum
342 1071 427 1144 capta
443 1085 497 1125 nec
510 1067 610 1126 minus
621 1070 696 1128 urbe
709 1069 785 1130 fuit.

106 1170 259 1249 Phyllidos
271 1169 362 1227 iratos
374 1168 406 1226 in
420 1167 537 1226 vultum
552 1167 661 1227 conicit
674 1189 815 1246 ungues:

147 1267 262 1328 Territa
274 1267 386 1326 vicinas
399 1265 470 1325 'l'eic
483 1266 590 1325 elamat
603 1286 687 1326 anus.

106 1367 232 1426 Lumina
245 1365 352 1443 sopitos
366 1366 490 1424 turbant
503 1364 582 1423 elata
596 1364 738 1440 Quirites,

146 1465 247 1524 Omnis
261 1468 292 1523 et
304 1464 407 1522 insana
420 1463 523 1522 semita
535 1483 603 1523 acce
618 1468 713 1524 sonat.
927 1473 957 1525 60

109 1567 182 1625 Illas
195 1564 376 1641 direptisque
389 1563 478 1622 comis
489 1563 659 1641 tunicisque
672 1566 781 1626 solutis

147 1664 269 1741 Excipit
282 1664 419 1722 obscurae
432 1661 527 1738 prima
539 1663 662 1721 taberna
674 1663 751 1724 viae.

108 1763 236 1843 Cynthia
249 1763 357 1839 gaudet
370 1761 403 1820 in
416 1761 532 1820 exuviis
544 1760 716 1839 victrixque
729 1765 859 1825 recurrit

147 1865 187 1923 Et
199 1883 263 1922 mee
276 1880 412 1939 perversa
426 1859 537 1919 sauciat
552 1880 603 1918 ora
615 1881 714 1935 manu,

108 1961 286 2040 Inponitque
299 1963 398 2020 notam
411 1959 485 2017 collo
499 1978 657 2036 morsuque
671 1967 822 2036 cruentat,
924 1971 955 2020 65

146 2062 363 2136 Praecipueque
376 2059 483 2130 oculos,
499 2057 550 2134 qui
562 2079 705 2132 meruere,
720 2060 804 2122 ferit.

106 2164 207 2237 Atque
219 2160 271 2218 ubi
284 2159 342 2216 iam
355 2157 462 2216 nostris
475 2156 596 2215 lassavit
608 2158 729 2218 brachia
740 2161 848 2237 plagis,

145 2259 312 2336 Lygdamus
325 2257 362 2314 ed
374 2255 469 2332 plutei
482 2255 579 2314 fulcra
592 2255 711 2315 sinistra
723 2258 823 2318 latens

109 2358 238 2427 Eruitur,
254 2354 430 2431 geniumque
443 2374 541 2412 meum
553 2358 715 2430 prostratus
728 2357 842 2418 adorat.

146 2456 305 2534 Lygdame‚
320 2453 365 2511 nil
377 2452 480 2529 potui:
502 2457 601 2511 tecum
614 2472 667 2528 ego
682 2457 787 2531 captus
800 2475 889 2516 eram.
922 2460 954 2514 70

108 2554 295 2631 supplicibus
307 2551 413 2628 palmis
426 2555 491 2610 tum
501 2552 617 2610 demum
631 2553 668 2611 ad
679 2552 798 2614 foedera
811 2556 888 2631 veni,

146 2658 219 2716 Cum
232 2656 285 2714 vix
297 2654 459 2729 tangendos
471 2653 607 2729 praebuit
620 2654 673 2712 illa
686 2655 783 2730 pedes,

106 2761 206 2834 Atque
219 2754 278 2813 ait:
303 2758 323 2787 “
332 2753 483 2811 Admissae
497 2752 522 2810 si
536 2753 581 2811 vis
593 2773 639 2812 me
652 2753 802 2828 ignoscere
816 2757 926 2834 culpae,

145 2854 263 2930 Accipe,
279 2871 354 2929 qnae
366 2855 482 2910 nostrae
495 2851 622 2910 formula
634 2853 708 2927 legis
722 2853 787 2912 erit.

103 2957 149 3013 Tu
162 2973 258 3030 neque
271 2950 409 3026 Pompeia
422 2949 585 3026 spatiabere
603 2952 701 3011 cultus
713 2952 746 3010 in
760 2955 873 3026 umbra,
915 2957 948 3014 75

141 3053 170 3110 N
172 3070 203 3110 ec
217 3069 284 3108 cum
297 3048 438 3106 lascivum
452 3052 562 3108 sternet
575 3050 683 3108 harena
695 3050 802 3113 forum.

104 3151 185 3208 Colla
198 3168 267 3207 cave
280 3146 412 3204 inflectas
426 3147 463 3204 ad
477 3167 622 3206 summum
635 3149 755 3226 obliqua
767 3153 916 3211 theatrum

141 3251 204 3307 Ant
216 3246 320 3306 lectica
333 3250 403 3305 tuae
417 3247 492 3306 sidat
506 3253 605 3324 aperta
618 3269 724 3311 morae.

95 3347 268 3430 Lygdamus
280 3344 430 3426 inprime,
445 3344 541 3403 omisis
551 3345 630 3402 niun
640 3363 729 3400 eausa
739 3351 898 3416 quereum,
