2122 3728
268 239 486 299 raorssrn
506 240 566 299 ns.
588 241 614 315 1,
634 245 661 298 a.
677 246 706 298 4.
904 246 921 296 s

74 398 210 476 Namque
223 398 275 456 ubi
287 397 376 472 longa
388 416 469 457 meae
482 398 662 474 consumpsti
674 401 806 474 tempora
818 397 920 470 noctis,

112 495 283 572 Languidus
295 495 416 571 exactis,
432 496 460 555 ei
472 496 555 568 mihi,
571 496 736 556 sideribus?

72 597 98 654 0
112 595 225 654 utinam
237 595 314 655 tales
325 595 474 671 producas,
488 595 619 672 inprobe,
634 599 744 666 noctes,

112 695 161 753 Me
174 694 309 752 miseram
322 693 424 770 quales
438 712 550 770 semper
562 694 668 753 habere
681 693 783 752 iubes!
884 698 922 750 40

72 793 149 852 Nam
160 794 245 852 modo
256 811 403 870 purpureo
411 783 553 851 ‘fallebam
566 792 689 851 stamine
702 811 843 864 somnum,

113 891 224 952 Rursus
237 895 268 952 et
281 880 414 968 Orpheae
426 890 562 965 carmine,
575 890 660 963 fessa,
675 890 777 967 lyrae:

72 992 228 1050 Interdum
240 990 347 1051 leviter
358 1009 472 1051 mecum
485 991 600 1049 deserta
613 991 755 1067 querebar

113 1090 244 1148 Externa
256 1091 359 1164 longas
371 1108 456 1166 saepe
468 1088 501 1146 in
513 1107 609 1147 amore
622 1107 724 1160 moras,

73 1188 153 1246 Dum
165 1207 212 1246 me
224 1187 361 1247 iucundis
372 1187 484 1264 lapsam
497 1207 581 1265 sopor
593 1187 704 1264 inpulit
717 1187 779 1246 alis.
883 1191 920 1244 45

114 1287 173 1346 Illa
185 1285 246 1346 fuit
258 1285 387 1345 lacrimis
399 1285 506 1345 ultima
519 1305 589 1347 cura
601 1286 703 1346 meis.''

291 1457 294 1463 4
478 1437 518 1481 Π.

74 1516 154 1582 Quid
166 1517 240 1576 mihi
252 1521 315 1577 tam
327 1517 436 1577 multas
448 1518 603 1590 laudando,
618 1518 717 1591 Basse,
733 1518 847 1594 puellas

114 1617 265 1676 Mutatum
278 1616 395 1675 domina
407 1616 486 1690 cogis
499 1616 578 1674 abire
591 1617 680 1675 mea?

75 1715 155 1780 Quid
167 1735 213 1775 me
225 1735 286 1775 non
298 1715 407 1791 pateris
419 1715 498 1774 vitae
512 1716 715 1792 quodcumque
729 1718 868 1792 sequetur

115 1813 181 1872 Hoc
192 1814 286 1888 magis
299 1817 414 1873 assueto
427 1814 533 1872 ducere
547 1813 690 1872 servitio?

75 1913 122 1971 Tu
134 1913 205 1973 licet
217 1915 363 1990 Antiopae
375 1913 498 1973 formam
511 1892 670 1991 Nycteidos
684 1917 761 1972 ettu
907 1919 924 1970 5

116 2008 274 2089 Spartanae
286 2011 395 2072 referas
407 2012 545 2072 laudibus
557 2012 743 2085 Hermionae,

75 2111 116 2169 Et
130 2130 326 2188 quascumque
339 2111 412 2171 tulit
423 2112 543 2170 formosi
554 2111 693 2187 temporis
706 2114 804 2170 aetas:

116 2210 243 2288 Cynthia
255 2230 315 2271 non
327 2211 394 2270 illas
406 2230 513 2271 nomen
525 2213 631 2271 habere
645 2211 740 2270 sinat:

76 2309 200 2382 Nedum,
216 2310 241 2368 si
253 2310 368 2369 levibus
380 2309 472 2370 fuerit
485 2311 591 2369 collata
602 2292 714 2385 figuris,

114 2406 242 2467 Inferior
253 2408 326 2467 duro
338 2406 433 2468 iudice
445 2409 542 2486 turpis
554 2413 612 2469 eat.
891 2414 925 2466 10

28 2575 30 2578 y
75 2506 158 2565 Haeo
172 2507 222 2565 sed
234 2506 328 2565 forma
340 2507 398 2566 mei
410 2526 478 2583 pars
491 2511 536 2567 est
549 2511 681 2567 extrema
693 2506 820 2568 furoris:

116 2605 193 2665 Sunt
205 2607 323 2678 maiora,
340 2606 456 2684 quibus,
471 2607 569 2680 Basse,
584 2607 680 2684 perire
693 2607 786 2680 iuvat,

76 2705 229 2787 Ingenuus
243 2707 321 2765 color
334 2709 365 2765 et
377 2705 479 2765 multis
492 2706 580 2765 decus
593 2705 705 2765 astibus
718 2707 749 2765 et
762 2724 837 2781 quae

59 2847 61 2852 .
115 2802 229 2862 Gaudia
242 2806 296 2863 sub
310 2805 401 2865 tacita
414 2806 518 2865 dacore
531 2809 614 2865 veste
626 2805 701 2879 libet
714 2826 721 2863 ι

77 2900 142 2966 Quo
153 2902 247 2978 magis
260 2907 291 2964 et
303 2908 417 2964 nostros
430 2904 581 2964 contendis
594 2905 706 2964 solvere
720 2922 838 2974 amores,
890 2906 924 2958 15

116 3000 182 3060 Hoc
194 3002 287 3082 magis
301 3006 420 3080 accepta
430 3003 512 3063 fallit
523 3006 649 3080 uterque
661 3003 729 3061 fide.

77 3099 144 3158 Non
156 3100 275 3177 impune
286 3100 372 3161 iares.
387 3101 459 3161 sciet
470 3103 542 3161 haec
553 3102 657 3161 insana
667 3102 775 3178 puella,

116 3198 156 3258 Et
168 3199 224 3259 tibi
236 3219 296 3259 non
308 3200 406 3259 tacitis
418 3200 539 3260 vocibus
550 3201 644 3260 hostis
657 3200 729 3259 erit:

77 3297 139 3357 Neo
150 3298 207 3358 tibi
219 3319 267 3359 mc
275 3301 430 3376 posthaec
443 3299 613 3361 committet
624 3297 774 3381 cyrena,
783 3317 846 3358 neo
854 3299 891 3354 ts

107 3393 255 3458 Quaeret:
275 3398 335 3460 en't
348 3400 428 3463 tanti
443 3401 585 3471 criminis
596 3401 808 3470 fflamemor,
934 3389 980 3441 Ἃ
