2122 3728
272 275 490 333 PROPERTII
510 275 571 334 EL.
593 274 637 346 ΙΙ,
661 279 708 332 25.
731 278 778 331 26.
913 277 948 331 57

96 434 146 491 An
159 431 316 511 quisquam
328 432 361 490 in
373 431 476 491 mediis
489 430 630 508 persolvit
643 433 712 489 vota
724 431 868 507 procellis,

137 532 211 591 Cum
224 551 310 608 saepe
322 531 355 588 in'
367 533 456 607 portu
468 529 562 588 frasta
575 529 673 588 carina
685 529 791 589 natet?

97 632 161 690 Aut
173 631 255 707 prius
268 630 378 690 infesto
392 629 522 705 deposcit
535 629 664 705 praemia
677 648 772 702 eursu,
912 635 949 686 25

138 729 268 806 Septima
282 749 370 806 quam
382 731 491 787 metam
503 726 621 786 trive1it
634 729 702 786 ante
714 727 801 786 rota?

98 828 253 887 Mendaees
266 827 374 886 ludunt
388 828 478 886 flatus
490 828 523 885 in
536 847 631 886 amore
645 827 773 886 secundi.

139 926 170 985 Si
184 946 243 1003 qua
256 925 338 985 veuit
350 945 421 997 sero,
437 944 543 1000 magna
555 924 641 983 ruina
654 926 746 986 venit.

100 1024 145 1083 Tu
158 1028 258 1083 tamen
270 1024 392 1097 interea,
409 1023 542 1101 quamvis
554 1026 585 1082 te
600 1024 705 1106 diligat
717 1023 778 1098 illa,

138 1121 280 1181 Intaeito
295 1121 395 1181 cohibe
409 1122 515 1196 gaudia
529 1122 627 1181 clausa
641 1122 724 1181 sinu:
914 1129 950 1181 30

100 1219 233 1297 Namque
246 1219 279 1278 in
293 1240 388 1279 amore
402 1240 453 1279 suo
468 1240 580 1296 semper
594 1241 646 1279 sua
658 1221 786 1280 maxima
799 1221 905 1298 auique

138 1317 243 1378 Nescio
258 1338 317 1395 quo
330 1321 415 1394 paeto
429 1319 518 1377 verba
530 1338 633 1377 nocere
648 1319 751 1378 solent.

101 1416 239 1482 Quamvis
252 1420 283 1476 te
296 1436 432 1493 persaepe
445 1419 538 1491 vocet,
555 1417 643 1476 semel
656 1417 699 1476 ire
712 1420 856 1476 memento
869 1440 875 1474 :

139 1514 287 1574 Invidiam
301 1516 378 1591 quod
390 1516 480 1574 habet
493 1535 552 1574 non
566 1516 640 1574 solet
654 1536 715 1574 esse
729 1516 789 1574 diu.

101 1613 142 1672 At
156 1614 180 1672 si
193 1614 287 1672 saecla
299 1613 405 1686 forent,
422 1613 552 1690 antiquis
566 1617 649 1688 grata
661 1614 777 1691 puellis,
913 1621 948 1672 35

140 1713 240 1772 Essem
255 1732 307 1787 ego
321 1713 399 1790 quod
411 1732 490 1771 nune
503 1715 555 1771 tu:
579 1716 708 1790 tempore
721 1713 822 1773 vincor
835 1733 898 1789 ego.

101 1810 167 1869 Non
180 1814 279 1870 tamen
292 1811 350 1871 ista
363 1831 441 1899 meos
454 1813 611 1871 mutabant
625 1813 740 1871 saecula
749 1833 862 1872 mores:

140 1910 350 1987 Unusquisque
364 1931 415 1969 sua
428 1911 543 1970 nove1it
556 1910 599 1970 ire
612 1911 669 1972 via.

101 2007 143 2068 At
155 2029 216 2081 vos,
232 2009 285 2086 qui
299 2007 391 2068 officia
403 2009 435 2066 in
448 2010 558 2068 multos
571 2009 712 2068 revocatis
727 2029 844 2083 amores,

141 2108 292 2174 Quantum
307 2108 346 2166 sie
359 2108 470 2168 cruciat
482 2109 596 2167 lumina
610 2113 707 2168 vestra
720 2109 818 2169 dolor!
914 2117 951 2168 40

101 2208 224 2268 Vidistis
237 2209 323 2285 pleno
336 2212 467 2267 teneram
481 2210 604 2268 candore
617 2211 755 2286 puellam,

141 2307 265 2367 Vidistis
277 2307 408 2390 iussam:
429 2309 513 2368 duait
525 2313 650 2386 uterque
664 2310 751 2371 solor.

101 2406 224 2466 Vidistis
238 2407 384 2484 quandam
397 2407 509 2482 Argiva
521 2408 637 2484 prodire
650 2409 754 2484 figura,

140 2505 263 2565 Vidistis
277 2508 390 2564 nostras
401 2525 407 2565 :
429 2509 555 2583 utraque
568 2506 662 2566 forma
674 2507 761 2587 rapit,

101 2603 219 2681 Illaque
232 2602 347 2681 plebeio
360 2604 409 2662 vel
423 2605 462 2663 sit
475 2604 600 2664 sandicis
614 2605 742 2666 amictu:
916 2613 953 2663 45

140 2701 223 2760 Haec
237 2705 326 2778 atque
338 2701 391 2759 illa
403 2702 474 2761 mali
486 2703 617 2762 vulneris
630 2724 690 2762 una
702 2704 750 2763 via
765 2708 825 2780 est;

103 2799 177 2858 (lum
190 2799 261 2859 satis
273 2819 333 2858 una
345 2799 407 2859 tuis
419 2800 562 2860 insomnia
574 2805 672 2878 portet
686 2803 793 2877 ocellis,

141 2898 208 2957 Una
221 2897 261 2958 sit
273 2901 303 2958 et
317 2898 410 2959 cuivis
422 2899 532 2959 femina
545 2900 639 2960 multa
652 2901 738 2959 mala.

496 3096 578 3135 xm.

103 3192 172 3252 Vidi
184 3196 216 3252 te
228 3193 261 3251 iu
275 3194 383 3253 somnis
395 3193 498 3268 frasta,
514 3215 579 3254 mea
592 3195 663 3267 vita,
680 3192 777 3253 carina

143 3290 227 3351 Ionio
238 3293 330 3352 lassas
343 3294 449 3355 ducere
462 3315 529 3356 rore
541 3315 661 3371 manus,

93 3388 136 3445 Et
147 3408 350 3471 quaecumque
363 3393 400 3458 iu
412 3417 463 3460 me
477 3397 584 3460 fueras
596 3395 739 3460 mentita
747 3392 863 3465 lateii,
