2122 3728
120 254 187 316 lviii
423 251 666 312 PRAEFATIO.

119 412 229 491 polatis
237 413 386 472 mutatum
400 411 439 470 sit
453 412 489 471 ab
498 408 695 485 Hertzbergio
709 408 835 486 aliisque
846 409 982 487 equidem

119 533 179 573 non
192 512 287 571 rideo.
329 511 407 570 Dare
420 529 496 569 acccc
511 529 595 586 saepe
613 508 690 586 apud
703 511 805 585 poetas
824 507 977 569 invenias:

120 612 188 671 dare
195 613 274 688 socos
288 629 374 669 sensu
388 612 476 668 caret.

164 716 192 768 9.
213 713 262 768 21.
285 713 392 785 torquet
405 707 443 766 N.
486 711 574 767 torret
587 707 625 766 al.
640 704 723 765 codd.

162 814 190 867 9.
212 813 261 868 22.
282 827 336 866 aon
350 807 443 866 nullas
456 806 494 865 N.
535 806 676 864 ministrat
689 804 728 863 N.

162 913 190 968 9.
212 912 261 965 24.
283 905 317 965 a
332 906 371 979 1,
387 905 428 963 n.
466 886 683 963 transmarus.

164 1012 191 1065 9.
214 1009 407 1082 3111191111
433 1005 471 1078 N,
501 1008 622 1080 conpecto
645 1003 687 1077 H,
710 1004 811 1078 vulgo.
863 1002 923 1063 Sed
944 1003 981 1061 11.

124 1104 346 1179 baldasaris
359 1109 388 1164 2.
407 1109 453 1165 13.
470 1108 518 1164 35.

164 1208 192 1263 9.
216 1207 265 1261 34.
287 1221 359 1261 cana
372 1202 412 1261 N.

164 1307 193 1360 9.
217 1305 265 1360 32.
286 1302 392 1361 minore
405 1301 444 1360 N.

165 1405 193 1458 9.
210 1405 257 1458 38.
273 1405 400 1476 sarepta
412 1401 450 1458 N.

165 1503 193 1556 9.
215 1502 264 1556 40.
285 1499 403 1557 aduam
420 1498 458 1571 Ν,
475 1499 513 1556 acl
530 1502 612 1557 autes
625 1497 657 1556 Η
670 1497 758 1556 multi
773 1490 854 1562 codd.
892 1501 985 1558 111111

125 1598 215 1658 multi
228 1599 309 1658 codd.
351 1617 453 1657 moues
467 1599 648 1659 Santenius.‘

167 1703 195 1756 9.
217 1702 266 1758 42.
288 1697 437 1756 Lacunam
450 1697 540 1755 unius
560 1717 662 1757 versus
674 1697 861 1756 Burmannus
874 1696 985 1774 aliique

126 1796 175 1855 hic
195 1795 410 1868 indicaverunt,
426 1815 528 1854 verum
548 1814 666 1855 versum
681 1795 802 1872 periisse
822 1795 982 1863 credentes,

127 1897 159 1953 et
181 1894 315 1953 librarios
337 1893 518 1970 supplevisse
538 1893 673 1952 lacunam
695 1913 742 1953 ex.
767 1914 796 1952 v.
818 1899 865 1952 66.
907 1894 985 1952 Mihi

127 1997 226 2052 tamen
237 2012 355 2052 versum
365 2011 425 2051 non
437 1994 534 2052 totum
542 1991 662 2068 periisse
676 1991 726 2051 sed
739 1992 861 2051 alteram
870 1995 985 2069 partem

127 2091 218 2149 solam
250 2092 338 2150 fidem
368 2091 441 2151 facit
473 2091 695 2167 Neapolitanus,
724 2091 777 2168 qui
809 2110 869 2150 non
894 2092 986 2150 habet

128 2189 247 2265 Accepit
270 2191 455 2250 locatarum
474 2191 592 2265 Accepit
609 2195 644 2250 11.
687 2191 778 2250 Credo
798 2190 985 2266 Propertium

129 2289 296 2366 scripsisse:
318 2290 452 2369 Accipite
471 2295 501 2351 11
523 2292 599 2351 fesso
610 2293 734 2369 sicamina
750 2295 836 2367 prola
854 2291 986 2350 (1111111

130 2387 225 2447 simile
252 2388 333 2466 quid,
363 2392 393 2450 et
423 2389 516 2450 simile
543 2389 662 2449 initium
689 2408 790 2450 versus
819 2393 856 2447 66
886 2388 986 2450 fraudi

128 2486 220 2546 fuisse
232 2486 361 2561 librario,
376 2491 531 2566 postquam
545 2489 643 2548 oculos
657 2508 674 2547 a
686 2488 793 2565 pagina
809 2506 879 2547 casu
891 2506 985 2547 remc-

129 2585 230 2646 visset.

171 2690 198 2743 9.
220 2689 269 2744 43.
295 2686 374 2754 Quod
392 2685 417 2744 si
435 2687 473 2759 N,
492 2685 524 2744 Η
543 2685 644 2760 vulgo.
690 2685 765 2754 Quid
783 2686 811 2744 si
832 2684 984 2744 Heinsius.

129 2785 289 2844 Notissima
302 2788 347 2845 est
366 2786 492 2845 formula
507 2785 540 2846 iu
552 2786 608 2845 tali
621 2806 653 2846 re
667 2787 737 2863 quid
748 2787 777 2845 ci
794 2805 861 2844 cum
878 2785 985 2862 imper-

128 2883 207 2943 fecto
224 2883 412 2958 subiunctivi‚
436 2903 520 2960 saepe
541 2883 573 2942 in
593 2886 665 2961 quod
676 2885 705 2943 si
722 2884 800 2961 apud
821 2887 986 2943 nostruma

128 2982 255 3043 librariis
268 2986 382 3042 mutata
395 2986 431 3042 ut
446 2982 546 3042 scribit
559 2983 756 3044 Burmannus.

169 3087 197 3144 9.
219 3087 267 3141 45.
289 3083 408 3159 aliquam
421 3083 459 3157 N,
476 3083 599 3160 aliquam
611 3083 652 3142 H.

169 3185 197 3238 9.
220 3180 267 3240 57.
289 3181 422 3256 Mopsum
435 3181 474 3253 N,
494 3180 527 3237 H
541 3180 610 3239 libri
628 3179 757 3257 plurimi.
799 3179 903 3257 Mopso
916 3180 986 3239 Pas·

130 3277 253 3337 seratius
267 3278 385 3355 Lipsius
398 3279 497 3337 Dousa
510 3281 594 3355 pater
608 3283 638 3339 11
651 3299 750 3339 omnes
764 3279 848 3338 credo
859 3279 987 3338 editores

131 3378 161 3435 11
174 3377 242 3436 ante
256 3378 287 3436 et
299 3379 367 3453 post
378 3376 617 3452 Hertrbergium.
