2122 3728
163 226 200 278 82
371 219 590 279 PROPnRrH
610 219 671 277 EL.
687 220 751 293 ΠΙ,
776 221 804 279 7.

201 378 265 437 Ista
277 397 330 454 per
342 377 485 436 humanas
497 396 575 436 mors
588 377 672 437 venit
685 380 751 436 acta
764 397 878 436 manus.
976 382 1009 434 30

161 479 250 536 Terra
262 497 367 553 parum
379 477 478 535 fuerat
492 499 499 534 :
521 475 592 535 fatis
605 476 765 535 adiecimus
779 477 883 549 undas,

197 577 345 636 Fortunae
358 575 478 634 miseras
492 574 629 633 auximus
644 578 708 634 arte
721 575 794 635 vias.

157 677 272 734 Ancora
284 679 315 734 10
328 677 436 746 teneat,
453 694 541 751 quem
553 693 612 733 non
625 676 749 733 tenuere
762 674 916 733 Penates?

197 774 275 839 auid
287 774 426 833 meritum
439 773 525 845 dicas,
542 772 590 831 oui
603 792 657 831 sua
669 775 750 831 terra
762 791 869 848 parum
884 772 953 831 est?

156 874 319 932 Ventorum
327 875 380 944 est,
388 872 592 949 quodcumque
597 890 695 946 paras:
708 870 784 928 haut
793 870 859 929 ulla
866 870 964 930 carina
975 875 1007 927 35

196 970 362 1042 Consenuit,
378 970 458 1029 fallit
472 974 575 1046 portus
589 968 695 1045 etipse
710 968 809 1027 fidem.

156 1071 270 1152 Natura
283 1069 423 1128 insidians
436 1071 560 1145 pontum
573 1067 736 1127 substravit
750 1068 864 1126 avaris:

194 1170 237 1228 Ut
249 1169 306 1228 tibi
319 1168 464 1239 succedat,
479 1166 532 1225 vix
546 1167 636 1226 semel
649 1187 711 1226 esse
724 1171 832 1244 potest.

156 1269 231 1327 Saxa
243 1268 435 1344 triumphales
447 1266 560 1340 fregere
575 1266 724 1342 capharea
737 1286 862 1342 puppes,

193 1365 344 1440 Nauiraga
356 1385 423 1425 cum
436 1368 518 1424 vasto
532 1365 653 1424 Graecia
665 1367 761 1423 tracta
774 1366 836 1424 salo
850 1369 916 1426 est:
972 1372 1007 1424 40

155 1464 314 1524 Paullatim
327 1464 437 1522 socium
450 1463 594 1523 iacturam
607 1462 692 1522 flevit
705 1464 820 1538 Ulixes,

195 1565 234 1621 In
246 1581 325 1621 mare
338 1561 386 1621 cui
400 1562 490 1620 solum
502 1581 562 1619 non
575 1562 693 1621 valuere
707 1562 777 1621 doli.

155 1663 240 1727 Quod
253 1662 277 1720 11
290 1664 444 1720 contentus
457 1661 567 1737 patrios
580 1662 653 1720 bore
666 1664 795 1721 verteret
808 1682 903 1739 agros,

192 1763 347 1837 Verbaque
361 1759 495 1818 duxisset
508 1760 622 1835 pondus
635 1760 742 1819 habere
754 1780 830 1833 mea,

154 1861 275 1919 Viveret
288 1863 356 1918 ante
370 1879 436 1917 suos
450 1859 544 1918 dulcis
558 1860 681 1919 conviva
694 1859 828 1934 Penates,
972 1868 1006 1919 45

193 1961 316 2035 Pauper,
332 1961 363 2017 at
376 1958 407 2015 in
421 1961 508 2032 terra,
525 1958 569 2016 nil
583 1958 635 2017 ubi
647 1959 719 2016 flare
732 1963 840 2034 potest.
928 1953 932 1960 ’

154 2060 221 2117 Non
233 2060 306 2118 tulit
319 2059 367 2116 hic
381 2058 489 2117 Pactus
503 2057 654 2116 stridorem
669 2056 770 2116 audire
783 2060 930 2134 procellae
945 2051 952 2067 ⁹

192 2159 232 2216 Et
245 2159 317 2215 duro
330 2160 445 2215 teneras
458 2156 573 2214 laedere
586 2155 658 2213 fune
671 2174 784 2232 manus,

154 2256 211 2315 Sed
227 2256 326 2331 Thyio
339 2255 468 2313 thalamo
482 2257 534 2312 aut
548 2253 644 2312 Oricia
657 2255 827 2315 terebintho

192 2356 245 2412 Eat
257 2354 368 2413 fultum
381 2353 482 2428 pluma
494 2352 665 2411 versicolore
679 2357 776 2430 caput.
969 2363 1005 2414 50

152 2453 233 2511 Huic
246 2453 353 2511 fluctus
366 2452 434 2510 vivo
448 2450 588 2509 radicitus
603 2451 726 2510 abstulit
739 2471 874 2527 ungues,

192 2551 231 2609 nt
244 2551 345 2608 miseri
355 2548 480 2608 invisam
492 2548 586 2607 traxit
599 2549 697 2608 hiatus
711 2569 838 2626 aquam:

151 2649 241 2707 Hunc
254 2668 344 2724 parvo
356 2647 428 2706 ferri
440 2647 516 2706 vidit
527 2667 588 2705 nox
600 2648 732 2724 improba
744 2648 836 2723 ligno.

190 2749 298 2806 Paetus
311 2752 346 2806 ut
359 2746 510 2817 occideret,
526 2749 571 2805 tot
584 2746 677 2805 coiere
690 2747 775 2805 mala.

151 2847 239 2905 Flens
252 2849 351 2904 tamen
364 2845 502 2904 extremis
515 2845 597 2905 dedit
609 2846 680 2904 haec
694 2846 833 2906 mandata
846 2868 919 2924 que·
967 2856 1003 2907 55

228 2944 318 3015 rellis,

189 3042 262 3100 Cum
275 3041 446 3099 moribunda
459 3041 543 3116 niger
556 3041 704 3100 clauderet
717 3062 766 3100 ora
778 3043 887 3120 liquor.

151 3145 170 3172 “
182 3140 222 3197 Di
234 3139 322 3197 maris
335 3139 446 3213 Aegaei
460 3159 533 3215 quos
547 3143 615 3198 sunt
628 3159 717 3216 penes
731 3160 867 3217 aequora,
884 3147 979 3218 venti,

187 3238 228 3296 Et
241 3256 441 3313 quaecumque
454 3256 552 3295 meum
565 3238 704 3311 degravat
716 3239 796 3296 unda
810 3246 910 3316 caput,

137 3333 212 3398 ‘Quo
225 3334 328 3410 rapitis
341 3335 460 3394 miseros
472 3335 582 3411 primae
596 3335 743 3411 lanuginis
756 3338 873 3397 annos?
