2122 3728
249 232 469 300 PROPERTII
489 233 550 290 EL.
572 233 635 306 III,
657 238 705 292 21.
721 239 769 293 22.
881 240 936 294 103

85 392 152 450 Illic
166 396 218 450 aut
231 390 337 450 studiis
351 390 480 449 animum
494 390 646 450 emendare
660 391 792 451 Platonis
899 399 935 451 25

123 489 268 566 Incipiam
282 492 334 548 aut
346 489 450 561 hortis,
465 491 549 548 docta
563 490 698 565 Epicure,
714 491 783 549 tuis.

86 590 247 666 Persequar
260 591 313 647 aut
326 587 457 646 studium
469 587 597 662 linguae,
610 589 816 649 Demosthenis
830 609 917 662 arma,

124 689 337 764 librorumque
350 690 427 758 tuos,
442 688 542 745 moade
554 687 723 760 Menandre,
740 689 823 747 sales.

86 787 149 846 Aut
163 789 240 846 certe
253 786 371 845 tabulae
385 784 501 861 capient
514 805 579 844 mea
591 786 704 845 lumina
715 787 820 863 pictae,

126 885 194 944 Siva
208 886 294 943 ebore
307 886 427 942 exactae
441 903 492 942 seu
505 883 599 958 magis
612 904 677 943 aere
690 905 803 945 manus.
904 891 940 944 30

87 984 151 1043 Aut
164 983 257 1060 spatia
270 1002 412 1041 annorum
426 985 478 1041 aut
490 983 579 1057 longa
590 982 749 1060 interualla
761 984 900 1061 profundi

127 1082 276 1142 Lenihunt
287 1081 378 1141 tacito
391 1082 515 1141 vulnera
527 1085 628 1141 nostra
641 1081 716 1142 sinu.

90 1182 148 1242 Seu
160 1181 275 1254 moriar,
290 1181 362 1254 fato,
378 1201 438 1240 non
450 1181 532 1258 turpi
544 1180 656 1240 tractus
670 1202 766 1241 amore
778 1204 786 1241 ε

128 1281 228 1358 Atque
241 1281 299 1340 erit
311 1280 365 1340 illa
376 1280 450 1339 mihi
462 1280 565 1339 mortis
577 1281 701 1340 honesta
713 1281 785 1341 dies.

478 1476 555 1517 XXII.

90 1579 210 1654 Frigida
222 1582 284 1639 tam
296 1579 406 1638 multos
419 1579 532 1655 placuit
544 1577 601 1637 tibi
615 1577 740 1656 Cyzicus
753 1598 851 1652 annos,

130 1679 225 1750 Tulle,
241 1677 434 1753 Propontiaca
447 1697 507 1754 qua
519 1677 588 1735 fluit
601 1676 730 1735 Isthmos
744 1697 830 1753 aqua,

91 1776 247 1854 Dindymis
261 1781 292 1836 et
305 1797 386 1836 sacra
397 1776 540 1836 fabricata
552 1796 566 1834 a
579 1777 638 1835 vite
653 1775 778 1852 Cybebe,

130 1876 326 1953 Raptorisqua
338 1876 412 1935 tulit
425 1896 485 1953 qua
497 1875 547 1935 via
559 1874 638 1932 Ditis
652 1873 766 1951 equos?
1033 1939 1048 1963 ⁶

93 1975 124 2034 Si
136 1978 168 2034 te
179 1974 256 2034 forta
269 1975 373 2034 iuvant
384 1975 489 2034 Helles
502 1973 729 2033 Athamantidos
741 1974 838 2046 urbes,
928 1979 944 2030 5

131 2073 191 2134 Neo
203 2074 355 2147 desiderio,
371 2075 466 2147 Tulle,
481 2093 598 2133 movere
611 2093 685 2145 meo,

93 2171 138 2230 Tu
151 2172 222 2231 licet
235 2172 357 2249 aspicias
372 2173 484 2231 caelum
499 2191 583 2230 omne
596 2171 721 2230 Atlanta
734 2174 891 2246 gerentem,

133 2270 276 2348 Sectaque
290 2272 396 2330 Persea
408 2271 565 2330 Phorcidos
579 2290 628 2330 ora
641 2290 740 2343 mauu,

94 2369 236 2447 Geryonis
250 2370 373 2443 stabula,
390 2374 421 2429 et
433 2370 600 2428 luctantum
612 2368 645 2427 in
657 2371 779 2446 pulvere
793 2369 876 2444 signa

132 2468 272 2529 Herculis
284 2469 461 2547 Antaeique,
476 2468 733 2545 Hesperidumque
747 2470 867 2527 choros:
913 2472 947 2526 10

95 2567 199 2644 Tuque
211 2571 264 2627 tuo
279 2568 420 2627 Colchum
433 2568 579 2650 propellas
591 2567 702 2642 remige
715 2567 843 2640 Phasim,

133 2665 325 2743 Peliacaeque
338 2666 429 2725 trabis
441 2669 538 2725 totum
551 2667 609 2725 iter
621 2665 684 2741 ipse
698 2664 788 2739 lagae,

97 2763 162 2828 Qua
174 2763 255 2822 rudis
268 2765 367 2838 Argoa
379 2767 463 2823 natat
472 2764 554 2823 inter
568 2783 639 2821 saxa
652 2763 787 2822 columba

135 2863 175 2921 In
186 2862 291 2922 faciem
304 2883 406 2939 prorae
419 2863 507 2940 pinus
521 2863 623 2922 adacta
635 2880 728 2920 novae
740 2880 747 2917 :

96 2962 137 3020 Et
150 2961 175 3020 si
189 2962 259 3038 quoi
269 2962 350 3036 rigui
361 2961 482 3022 visenda
494 2965 540 3021 est
552 2981 603 3019 ora
617 2958 742 3036 Caystri,
917 2963 950 3014 15

136 3059 177 3118 Et
190 3079 262 3137 quoe
276 3063 410 3136 septenas
422 3063 567 3137 temperat
580 3058 660 3117 unda
672 3055 745 3129 vias,

98 3157 202 3217 Omnia
213 3159 362 3219 Romanae
376 3160 480 3219 cadent
492 3157 634 3218 miracula
646 3157 760 3214 terrae:

136 3256 251 3317 Natura
263 3258 312 3317 hio
324 3258 432 3335 posuit,
449 3256 595 3335 quidquid
607 3253 718 3330 ubique
731 3252 801 3311 fuit.

70 3359 73 3365 '
96 3355 195 3416 Armis
208 3360 277 3435 apta
289 3357 383 3432 magis
395 3357 487 3418 tellus
501 3375 590 3440 quam
603 3351 751 3413 commoda
763 3369 866 3422 noxae,
948 3372 1004 3510 c
