2122 3728
118 251 151 307 xl
419 247 658 305 PRAEFATIO.

160 413 205 464 14.
229 412 275 464 28.
297 407 427 464 adoratas
440 407 515 463 dcam
526 405 564 476 N,
580 405 630 463 H:
655 407 780 463 odoratae
794 423 882 463 comae
896 404 973 464 Oan-

117 510 207 577 terus,
220 506 319 579 vulgo.
632 509 677 561 14.
700 508 748 563 29.
770 504 880 578 tacenti
891 501 932 561 N.

161 611 206 664 14.
229 610 277 663 31.
298 604 358 664 Nea
367 623 435 681 quac
448 604 507 662 atat
513 604 604 680 facien
616 623 665 661 cac
677 622 745 681 quac
758 603 816 661 rint
830 602 913 662 carba
926 622 973 662 rc-

116 705 205 781 9cnda'
220 704 258 775 N,
279 703 319 774 H,
335 703 433 776 vulgo,
458 721 547 779 quem
569 721 687 760 versum
709 721 836 761 menon
859 700 975 760 iutelli-

116 824 187 880 gere
203 804 307 863 fateor.
348 804 407 861 rint
427 802 459 860 in
482 802 530 874 ct,
553 801 635 860 acrba
655 803 688 861 in
704 822 777 874 carc,
801 803 925 878 roqaada‘
942 802 976 860 in

117 904 237 980 royacdc
256 902 378 975 mutavi,
400 903 444 961 ita
461 906 498 961 ut
518 921 619 960 sensus
641 905 735 960 esset:
760 901 822 960 Nec
843 902 976 976 rogando

118 1003 251 1062 iuvenire
264 1007 362 1079 potest
375 1005 488 1061 amator
501 1021 576 1079 quaa
590 1001 629 1060 sit
641 1001 739 1072 iacies,
755 1019 808 1059 nec
823 1019 899 1077 quaa
914 999 977 1059 sint

117 1122 188 1162 vera
200 1121 239 1161 ex
252 1121 305 1160 sua
320 1102 420 1178 puella
436 1101 516 1160 mter
535 1104 597 1159 tam
614 1101 708 1159 multa
727 1099 811 1158 falsa.
853 1098 900 1157 cf.
917 1099 975 1159 Ov,

118 1201 275 1260 Rem-343
289 1219 371 1277 seqq.
382 1221 389 1256 :

247 1309 392 1360 Auferimur
402 1309 485 1359 cultu:
499 1307 603 1372 gemmis
613 1322 722 1372 auroque
732 1311 851 1371 aguntur

280 1393 383 1444 Omnia:
395 1409 452 1457 para
462 1393 566 1444 minima
576 1399 614 1444 ast
624 1392 679 1456 ipsa
688 1392 772 1456 puella
782 1390 829 1440 sui.

247 1478 326 1542 Saepe
335 1478 380 1528 ubi
390 1477 423 1528 sit
433 1480 499 1543 quod
509 1493 576 1528 amas
586 1477 652 1528 intar
662 1483 713 1528 tam
724 1477 803 1527 multa
813 1475 935 1540 requiras.

158 1576 227 1636 Alia
239 1576 313 1636 ratio
323 1595 404 1636 meae
416 1575 551 1634 lectionis
564 1575 681 1646 existat,
699 1574 723 1632 si
729 1574 820 1651 facias
832 1593 886 1650 pro
898 1572 977 1633 facie

118 1677 193 1736 falsa
216 1677 363 1753 capiamus
388 1674 553 1754 (mata-up).
596 1674 633 1732 cf.
660 1679 685 1732 1.
709 1678 754 1731 15.
770 1677 805 1731 6:
827 1673 868 1731 Et
885 1673 977 1748 longa

119 1776 224 1836 faciem
238 1795 360 1853 quarere
374 1774 493 1833 desidia.

162 1880 208 1933 14.
230 1880 277 1933 33.
291 1875 369 1950 screa
382 1873 421 1933 N.
462 1871 568 1931 bonam
581 1871 620 1929 N.

162 1981 207 2033 15.
231 1980 257 2033 3.
274 1974 418 2050 praetecti
429 1974 468 2032 N.
497 1973 601 2031 amiam
614 1971 654 2030 N.
680 1975 859 2046 praetentae:
870 1971 978 2029 acuatu

120 2076 161 2146 H,
171 2075 269 2149 vulgo.
292 2074 401 2150 Scripsi
408 2071 832 2149 utN(nisiquodamictmprc
843 2070 978 2147 amiam:

120 2173 244 2232 sabbatus
256 2192 308 2249 pro
321 2172 426 2231 celatur
439 2171 549 2231 malim.
591 2171 700 2230 Sensus
713 2174 775 2229 est:
794 2169 977 2245 ‘Postquam

119 2272 214 2349 pudor
225 2270 347 2347 puerilis
360 2290 448 2348 quem
462 2290 560 2330 secum
572 2272 745 2346 praetextus
759 2267 884 2326 amictus
897 2267 976 2327 iare-

120 2372 172 2429 bat
184 2374 254 2445 toga
266 2368 346 2427 virili
359 2369 474 2427 velatus
492 2369 556 2427 est.'
598 2369 648 2427 Its
667 2367 725 2426 iarn
743 2367 805 2425 alii.
845 2365 979 2441 Vulgata

121 2469 238 2528 nullum
248 2489 364 2528 sensum
372 2470 501 2545 praebet.
523 2467 631 2527 ablatus
641 2466 792 2526 Heinsius.
814 2464 903 2524 clatus
913 2465 976 2524 alii.

164 2575 210 2628 15.
233 2570 260 2629 7.
282 2575 331 2629 aut
344 2571 382 2642 N,
397 2570 473 2629 haud
484 2569 525 2641 H,
540 2570 639 2645 vulgo.
681 2567 714 2627 si
727 2573 777 2626 aut
790 2567 976 2638 servandum,

122 2668 208 2727 multo
215 2668 248 2727 in
255 2668 354 2743 paullo
361 2673 475 2728 mutare
484 2687 601 2727 necesse
611 2667 678 2727 erit.
717 2667 866 2725 Punctum
875 2665 908 2723 in
917 2665 978 2725 fina

126 2786 225 2826 versus
243 2768 359 2826 sustuli.
401 2768 556 2827 structura
574 2766 648 2825 mihi
661 2765 780 2825 videtur
791 2765 979 2842 hyperbaton

124 2885 186 2926 essa
199 2867 270 2926 satis
287 2866 411 2926 durum:
440 2866 574 2926 ‘Tertius
594 2865 713 2924 ducitur
730 2883 824 2922 annus
843 2882 911 2922 cum
924 2862 979 2922 vix

125 2965 223 3025 decem
236 2967 326 3024 verba
338 2965 421 3024 nobis
435 2965 524 3024 coisse
536 2963 676 3024 memini!

187 3068 232 3121 15.
258 3068 302 3136 11,
327 3068 372 3128 12.
394 3065 433 3122 In
445 3062 529 3122 libris
548 3067 614 3139 post
628 3068 666 3119 44
679 3063 829 3136 leguntur.
871 3061 979 3121 Trans·

125 3161 230 3238 positio
247 3163 406 3222 certissima
424 3164 460 3222 ab
481 3162 641 3221 editoribus
659 3162 789 3239 antiquis
809 3161 889 3221 iacta
902 3182 920 3221 a
933 3182 979 3222 ra·

127 3261 260 3320 centibus
272 3264 408 3337 neglecta
421 3267 473 3322 est.
516 3262 560 3321 uf.
578 3269 604 3320 3.
623 3267 667 3320 19.
685 3268 711 3334 9,
727 3282 798 3340 seqq.

169 3364 213 3417 15.
239 3365 284 3419 13,
305 3361 386 3421 Nova
399 3362 484 3437 alaysa
497 3361 535 3419 N.
