2122 3728
273 222 491 281 PROPERTII
511 223 571 282 EL.
593 224 639 296 ΙΙ,
662 229 709 283 32.
877 227 913 283 67

102 379 142 438 Et
155 378 218 438 sine
231 379 346 438 decreto
359 380 427 439 viva
439 380 560 440 reducta
573 370 690 441 domum
703 387 757 443 est.

63 477 133 553 Ipsa
145 477 246 537 Venus
258 477 354 537 1111111
367 483 504 556 corrupta
516 479 639 540 libidine
652 481 767 553 Martis,

102 576 164 635 Nec
177 576 275 635 minus
287 577 319 635 in
333 577 412 636 caelo
427 597 540 653 semper
552 578 675 637 honesta
687 579 765 638 luit:

63 674 203 740 Quamvis
216 675 272 734 Ida
283 675 380 752 palam
392 679 538 752 pastorem
551 678 630 737 dicat
643 698 753 738 amasse
842 743 844 746 Α
877 685 912 737 35

101 772 202 849 Atque
213 772 293 832 inter
305 776 430 850 pecudes
444 776 612 836 accubuisse
626 778 719 837 1111111.

61 871 127 929 Hoc
141 873 172 930 et
184 871 424 950 Hamadryadum
438 876 583 950 spectavit
595 877 683 935 turba
695 896 835 948 sororum,

102 969 252 1047 Silenique
266 991 357 1043 senes,
374 975 405 1030 et
417 975 502 1047 pater
514 973 577 1049 ipse
591 974 681 1042 chori,

62 1069 136 1126 011111
150 1069 257 1146 quibus
270 1070 360 1128 Idaeo
372 1071 473 1145 legisti
485 1091 571 1147 poma
584 1074 639 1131 sub
653 1076 746 1146 antro,

103 1168 259 1245 supposita
272 1169 420 1245 excipiens
433 1169 463 1227 N
464 1169 526 1228 uioa
538 1171 614 1229 dona
626 1191 723 1230 manu.
877 1179 914 1229 40

61 1266 110 1323 An
124 1266 280 1344 quisquam
292 1266 324 1325 in
338 1271 421 1326 tanto
436 1271 605 1345 stuprorum
618 1271 753 1330 examine
767 1272 899 1348 quaerit:

103 1364 162 1423 Cur
174 1365 247 1423 11111
259 1368 321 1424 tam
334 1365 440 1425 dives?
460 1367 527 1444 quis
540 1367 645 1426 dedit?
664 1369 743 1427 unde
755 1369 859 1429 dedit?

64 1462 88 1520 0
102 1462 226 1521 nimium
238 1467 338 1522 nostro
352 1463 468 1523 felicem
481 1469 612 1541 tempore
626 1466 757 1537 Romam,

104 1561 136 1620 Si
149 1566 251 1622 contra
262 1583 357 1621 mores
369 1583 430 1621 una
442 1563 543 1639 puella
556 1563 630 1622 iacit
640 1563 647 1622 1

63 1663 145 1721 Haec
159 1664 259 1722 eadem
269 1666 337 1721 ante
344 1662 427 1721 illam
434 1663 492 1720 iem
499 1661 610 1737 inpune
621 1666 652 1721 et
659 1663 764 1721 Lesbia
773 1662 860 1722 fecit:
878 1670 914 1720 45

103 1761 184 1827 Quae
198 1761 340 1839 sequitur,
357 1764 435 1819 certe
450 1764 495 1819 est
507 1760 652 1819 invidiosa
664 1762 771 1820 minus,

64 1858 122 1923 Qui
136 1859 253 1936 quaerit
266 1859 365 1918 Tatios
378 1864 492 1927 1111111
505 1860 652 1936 durosque
666 1859 796 1932 Sabinos,

103 1956 274 2033 Hio'posuit
286 1961 387 2016 nostra
398 1977 494 2034 nuper
505 1956 538 2016 in
550 1959 624 2016 urbe
637 1957 750 2034 pedem.

64 2057 109 2115 Tu
121 2056 204 2132 prius
217 2059 247 2117 et
259 2057 367 2115 fluctus
380 2055 489 2133 poteris
502 2055 609 2114 siccare
622 2056 758 2128 marinos,

103 2155 232 2232 Altaque
245 2155 364 2214 mortali
376 2153 504 2228 deligere
519 2157 597 2212 11111
610 2173 708 2226 manu,
879 2163 915 2213 50

64 2253 159 2318 ,Quam
171 2253 267 2313 iacere
280 2257 316 2312 ut
328 2257 443 2312 nostrae
456 2251 553 2311 nolint
565 2272 684 2329 peccare
697 2254 822 2328 puellae.

103 2351 162 2411 Hie
175 2372 237 2411 mos
251 2353 379 2411 Saturno
392 2371 482 2426 regna
494 2354 615 2410 tenente
627 2350 695 2424 luit,

64 2450 104 2510 nt
117 2471 184 2509 oum
197 2450 383 2509 Deucalionis
398 2469 490 2527 aquae
503 2451 617 2509 fluxere
630 2469 683 2526 per
696 2452 802 2510 orbem.

103 2550 150 2608 At
162 2554 228 2625 post
242 2549 379 2626 antiquas
391 2548 577 2607 Deucalionis
591 2568 691 2626 aquas,

64 2645 120 2705 Dio
133 2647 215 2718 mihi,
232 2646 298 2724 quis
310 2646 409 2723 potuit
421 2647 532 2706 lectum
546 2667 661 2705 servare
674 2648 821 2725 pudicum,
879 2655 914 2705 55

105 2744 186 2810 Quae
200 2746 254 2804 dea
267 2766 334 2804 cum
347 2747 407 2804 solo
421 2746 521 2804 vivere
536 2747 596 2805 sola
609 2745 688 2804 deo?

66 2845 193 2903 Uxorem
206 2846 352 2921 quondam
365 2845 464 2920 magni
477 2845 594 2920 Minois,
608 2849 644 2904 ut
656 2845 749 2917 aiunt,

105 2945 241 3022 Corrupit
254 2946 332 3004 torvi
345 2946 468 3004 candida
480 2945 574 3004 iorma
586 2945 678 3004 bovis.

65 3044 127 3103 Neo
140 3045 238 3103 minus
251 3049 348 3104 aerato
361 3046 462 3104 Danae
476 3045 654 3103 circumdata
666 3065 749 3103 muro

104 3141 172 3201 Non
184 3143 283 3220 potuit
295 3163 400 3218 magno
414 3147 493 3202 11111
506 3162 613 3218 negare
626 3142 703 3201 Iovi,
879 3151 915 3201 60

67 3240 151 3304 Quod
164 3241 237 3301 situ
251 3241 352 3300 Graias
365 3261 468 3318 ceques
481 3240 597 3299 imitata
610 3240 723 3314 Latino,

108 3339 227 3417 Semper
238 3341 306 3403 vive
318 3360 383 3401 meo
395 3341 489 3400 libere
501 3339 618 3398 iudicio.

466 3458 483 3496 1
497 3444 515 3497 2
