2122 3728
381 265 506 323 LIBER
525 266 579 323 IV.
831 263 897 321 xlix

100 425 128 478 2.
153 426 200 478 58.
222 426 297 480 orata
306 422 344 493 N,
356 423 435 498 quod
447 422 633 481 retinendum
643 426 715 481 erat.
736 425 808 481 mota
818 421 853 493 G,
865 421 906 480 H.

59 519 118 578 seu
132 519 169 577 ot.
185 519 262 578 Plin.
279 525 306 578 8.
323 525 369 577 42.
386 525 442 578 65:
468 524 602 597 ‘peraeto
620 521 753 595 legitimo
771 540 858 579 eursu
872 521 909 579 ad

58 621 169 677 cretam
183 618 309 677 stetere!
352 619 447 691 Creta,
472 640 531 697 qua
551 624 631 678 meta
652 620 832 694 signabatur,
855 638 908 695 pro

58 720 138 776 meta
150 717 214 793 ipsa
228 721 296 776 stat.

98 821 127 875 2.
150 822 197 874 59.
219 817 356 892 1111111111.
605 822 632 875 3.
656 822 681 875 1.
703 817 782 876 Haeo
796 836 852 875 om.
867 817 906 875 N.

100 920 129 972 3.
150 915 177 974 7.
200 915 308 974 Bactra
320 935 375 990 per
392 920 470 974 ortua
483 935 538 974 om.
564 915 602 974 N.
643 915 783 975 iteratos:
806 934 823 973 a
849 916 908 975 sole
1019 953 1020 958 .

58 1013 122 1072 soil.
137 1014 175 1073 of.
189 1020 215 1073 1.
227 1018 274 1088 81,
291 1035 387 1091 supra.
430 1015 484 1074 Ov.
496 1014 576 1073 Nost.
590 1020 698 1074 3199:
714 1015 909 1091 Phoebusque

57 1112 211 1172 iteraverit
224 1116 314 1173 ortus.
436 1120 463 1172 3.
486 1120 514 1175 5.
535 1114 630 1186 11111,
645 1116 711 1173 Aa
723 1114 756 1173 H
768 1114 867 1188 vulgo.

99 1216 127 1268 3.
151 1216 178 1269 8.
200 1215 324 1271 manitas
337 1213 444 1273 hericus
457 1214 496 1272 N.
537 1213 677 1273 N'ouro'oaa
691 1214 824 1272 Iacobus.

99 1314 127 1366 3.
153 1313 198 1368 10.
220 1311 337 1370 disoolor
350 1312 389 1370 N.
431 1311 510 1370 Olim
523 1314 720 1389 temptabam:

191 1410 299 1469 Vastus
313 1414 344 1469 et
357 1411 434 1469 ane
447 1410 570 1469 discolor
583 1411 676 1469 ludus
690 1430 782 1487 aquae

57 1509 102 1567 ita
123 1512 159 1566 ut
180 1509 282 1581 Indus,
307 1509 436 1568 omnium
456 1510 611 1568 fluminum
634 1509 789 1581 maximus,
812 1511 848 1567 ut
868 1508 912 1567 ait

58 1607 171 1676 Cicero,
190 1607 407 1682 intelligeretur
429 1608 530 1684 rapido
552 1627 640 1667 oursu
660 1607 693 1666 in
715 1626 794 1666 mare
815 1607 910 1666 fluens

59 1709 90 1763 et
103 1706 229 1764 colorem
246 1705 393 1764 diversum
410 1707 549 1766 fluctibns
571 1725 668 1765 seoum
688 1705 827 1763 inferens.
869 1705 910 1764 Et

58 1805 103 1863 ita
115 1804 329 1880 interpretabar
341 1806 417 1864 illud
431 1806 550 1877 Catulli,
568 1810 614 1863 11.
631 1806 659 1863 7.

100 1903 169 1962 Sive
183 1923 242 1980 qua
255 1905 499 1980 septemgeminus
512 1905 623 1963 colorat
635 1904 772 1980 Aequora
784 1901 882 1960 Nilus.

61 2001 118 2060 Sed
132 2002 157 2060 si
177 2003 293 2062 discolor
311 2004 343 2061 in
363 2003 467 2063 decolor
487 2006 634 2062 mutemus
651 2002 728 2060 nihil
747 2001 827 2060 ultra
847 2021 911 2060 mu·

57 2100 182 2158 tandum
194 2099 320 2159 videtur.
368 2102 450 2160 Uram
463 2106 544 2178 puto,
560 2101 637 2160 idem
651 2105 696 2160 est
709 2120 743 2159 ao
756 2105 911 2175 perustas:

59 2199 123 2257 Eoo
135 2218 208 2275 aquo
221 2199 365 2274 signifieat
377 2201 414 2259 ad
427 2221 526 2278 aquom
538 2201 636 2270 anm,
657 2204 687 2259 et
699 2200 787 2258 [aas
801 2198 911 2273 gentile

60 2315 167 2355 nomen
181 2301 233 2356 est.
275 2298 446 2375 Disputavit
458 2300 496 2358 de
509 2301 564 2358 hoo
582 2300 645 2358 looo
655 2299 696 2358 H.
711 2300 749 2359 A.
764 2299 791 2356 I.
803 2297 911 2357 Munro

61 2395 197 2472 (Journal
213 2395 243 2455 ot
255 2397 419 2476 Philology,
434 2398 492 2457 vol.
508 2398 558 2472 vi,
574 2417 603 2475 p.
620 2399 681 2475 63).

102 2498 129 2553 3.
153 2499 199 2554 11.
215 2515 302 2570 parea
321 2497 384 2555 auia
403 2502 492 2556 aoeies
511 2496 550 2570 N,
571 2497 685 2556 vitiose.
720 2501 821 2571 poetae
841 2495 913 2554 mili

60 2598 148 2651 noctes
161 2593 197 2652 G.
220 2600 321 2669 partae
340 2601 405 2654 aaut
417 2596 489 2654 mihi
501 2596 582 2654 oodd.
597 2596 711 2673 aliquot
724 2599 754 2654 et
772 2595 813 2653 H.
855 2595 913 2654 Sed

61 2691 221 2751 Perusinus
239 2713 337 2752 omnes
351 2694 443 2753 vincit
462 2696 519 2752 iam
539 2714 665 2765 servans,
687 2695 765 2771 quod
785 2693 913 2752 inlibris

61 2794 166 2866 postue
176 2794 244 2850 ante
253 2812 281 2850 m
292 2792 409 2852 excidit.
440 2792 510 2851 Tam
520 2792 595 2851 ooni.
607 2793 644 2853 R.
657 2793 790 2852 Shilleto.
812 2797 913 2867 pactae

61 2894 88 2948 et
100 2890 172 2948 mihi·
180 2891 286 2966 quadiu
300 2893 386 2950 aootr'o
399 2892 432 2950 L.
448 2892 619 2951 Muellerus.

103 2996 130 3050 3.
154 2996 200 3048 19.
224 3011 291 3069 quaa
305 2993 344 3054 N.
636 2999 664 3051 3.
686 2998 734 3051 23.
756 2993 820 3050 dam
833 2991 871 3050 N.

102 3095 130 3147 3.
152 3095 199 3148 34.
218 3090 327 3167 yladios
340 3093 378 3150 N.
465 3097 492 3150 3.
516 3097 562 3150 36.
590 3092 668 3160 Quod
680 3092 719 3152 N.
759 3110 823 3167 equa
836 3091 875 3149 N.

103 3193 130 3245 3.
153 3189 199 3246 37.
227 3190 313 3265 Coqor
326 3189 363 3249 N.
408 3189 723 3277 Ooaorliroukhnsius,
738 3189 780 3249 H.

104 3291 131 3343 3.
153 3291 200 3344 48.
223 3288 342 3364 Africae
354 3289 424 3347 libri
439 3287 578 3365 (Affro'oas
590 3288 645 3364 N),
655 3288 764 3362 Aprica
778 3287 818 3359 H,
835 3306 914 3345 esua

64 3384 238 3459 coniectura,
261 3386 337 3446 falsa
357 3388 482 3447 lectione
509 3389 603 3462 aprico
627 3393 653 3444 4.
680 3392 726 3446 10.
752 3392 786 3446 18
810 3387 919 3444 iratus.
