2122 3728
113 238 150 295 74
295 235 515 296 PROPERTII
535 234 596 293 En.
617 233 681 306 III,
706 237 733 292 1.
749 237 777 292 2.

117 396 216 453 Omnia
228 398 295 471 post
309 394 422 453 obitum
435 392 523 467 fingit
536 391 645 451 maiora
657 394 808 451 vetustas:

150 493 248 553 Maius
261 495 297 553 ab
312 491 445 569 exequiis
456 510 563 550 nomen
576 491 608 548 in
622 509 671 548 ora
684 489 776 549 venit.

112 593 188 650 Nam
201 591 268 669 quis
282 612 356 669 equo
370 593 470 667 pulsas
484 591 607 666 abiegno
619 592 753 648 nosoeret
766 609 857 662 aroes,
928 596 965 648 25

151 691 347 768 Fluminaque
360 689 523 749 Haemonio
537 688 667 747 eominus
679 687 736 747 isse
750 688 824 762 viro,

112 790 212 847 Idaeos
226 793 335 848 montet
348 789 429 848 Iovis
443 787 612 847 incunabulo
618 788 714 863 parvi,

151 882 281 947 Hectora
293 908 346 964 per
359 907 475 964 oampos
488 890 535 945 ter
547 887 707 945 maculasse
719 886 824 945 rotas?

112 986 356 1063 Deiphobumque
383 986 591 1062 Helenumque
618 988 649 1043 et
674 985 909 1063 Pulydamantas
934 987 966 1045 in

190 1086 301 1145 armis?

152 1185 401 1261 Qualemoumque
415 1183 504 1242 Parin
517 1183 570 1242 vix
584 1203 637 1241 sua
649 1186 748 1242 nosset
760 1183 880 1244 humus.
930 1190 966 1244 30

112 1283 227 1358 Exiguo
241 1303 371 1341 sermone
384 1281 462 1341 iores
474 1301 553 1340 nuno
567 1282 655 1354 Ilion,
671 1285 702 1341 et
714 1284 749 1340 tu

151 1382 237 1441 Troia
249 1382 294 1441 bis
308 1382 410 1441 Oetaei
422 1381 544 1441 numine
558 1384 645 1456 oapta
658 1379 714 1439 dei.

112 1481 246 1539 Necnon
259 1481 311 1540 ille
324 1481 371 1540 tui
384 1500 467 1540 oasus
479 1483 651 1539 memorator
664 1479 813 1540 Homerus

151 1579 327 1638 Posteritate
340 1599 425 1639 suum
440 1599 566 1638 creseere
580 1580 672 1639 sensit
685 1599 767 1656 opus.

112 1677 220 1753 Meque
232 1677 311 1736 inter
324 1697 401 1737 seros
414 1679 548 1738 laudabit
562 1679 656 1737 Roma
666 1682 808 1755 nepotes:
929 1686 966 1740 35

151 1777 244 1835 Illum
256 1781 322 1854 post
336 1778 446 1837 eineres
459 1798 587 1852 auguror
599 1779 662 1855 ipse
677 1780 758 1838 diem.

113 1876 158 1934 Ne
171 1895 236 1934 mea
249 1880 415 1953 contempto
428 1878 503 1953 lapis
515 1877 626 1937 indicet
640 1898 704 1937 ossa
717 1879 852 1954 sepulcro

152 1975 305 2033 Provisum
319 1979 363 2034 est
376 1976 467 2052 Lycio
480 1979 550 2035 vota
562 1978 704 2052 probante
717 1977 780 2036 deo.

520 2171 555 2212 11.

114 2270 258 2330 Carminis
270 2271 383 2331 interea
395 2272 489 2331 nostri
501 2274 654 2332 redeamus
666 2273 699 2331 in
712 2275 820 2347 orbem,

153 2368 286 2428 Gaudeat
298 2375 331 2428 at
344 2370 430 2430 solito
442 2374 523 2431 taeta
535 2372 635 2447 puella
648 2391 727 2430 sono.

115 2467 230 2543 Orphea
242 2468 380 2528 delinisse
392 2468 469 2528 ieras
483 2473 514 2528 et
527 2470 642 2529 oonoita
655 2471 759 2531 dieunt

152 2567 290 2627 Flumina
303 2568 438 2627 Threicia
452 2568 624 2628 sustinuisse
636 2570 721 2647 lyra:

115 2664 192 2724 Saxa
206 2665 387 2726 Cithaeronis
401 2666 515 2726 Thebas
528 2667 640 2741 agitata
652 2688 705 2744 per
717 2671 811 2726 artem
952 2677 970 2730 5
1040 2678 1042 2683 '

155 2763 264 2838 Sponte
278 2784 331 2822 sua
342 2764 375 2822 in
388 2764 465 2822 muri
478 2767 606 2825 membra
619 2766 709 2825 coisse
721 2765 842 2826 ierunt:

116 2862 196 2926 Quin
210 2863 307 2936 etiam,
323 2865 511 2941 Polypheme,
528 2863 600 2922 irato
613 2865 735 2924 Galatea
748 2867 803 2925 sub
816 2867 918 2927 Aetna

155 2961 203 3019 Ad
215 2965 269 3020 tua
281 2967 413 3022 rorantes
426 2962 555 3023 earmina
568 2963 656 3023 flexit
669 2983 777 3041 equos:

115 3058 265 3132 Miremur,
280 3060 365 3120 nobis
378 3065 408 3120 et
422 3062 536 3121 Baeoho
550 3066 581 3121 et
594 3062 733 3138 Apolline
746 3063 862 3136 dextro,

156 3156 254 3216 Turba
266 3159 432 3234 puellarum
445 3159 470 3219 si
483 3180 548 3219 mea
561 3163 650 3220 verba
664 3160 759 3220 colit?
934 3168 970 3222 10

117 3254 202 3320 Quod
214 3274 274 3313 non
288 3256 437 3317 Taenariis
450 3259 553 3317 domus
567 3262 612 3319 est
625 3259 699 3317 mihi
711 3259 790 3318 fulta
803 3260 960 3335 oolumnis,

156 3353 185 3409 N
186 3372 218 3412 eo
232 3372 345 3414 camera
357 3360 474 3417 auratas
486 3355 565 3416 inter
578 3359 689 3417 eburna
701 3360 808 3431 trabes,
