2166 3736
232 283 237 292 .
323 226 541 287 PROPERTII
561 225 621 283 EL.
643 225 705 297 III,
723 229 749 282 3.
766 229 794 282 4.
945 226 980 282 77

133 385 247 463 Quippe
261 387 411 444 coronatos
425 384 554 443 alienum
567 383 604 441 ad
616 382 707 440 limen
721 385 851 441 amantes

172 484 201 542 N
202 488 400 559 octurnaeque
414 500 499 540 canes
513 481 593 539 ebria
606 481 690 554 signa
701 479 798 554 fugae,

133 586 175 644 Ut
187 605 240 661 per
252 589 283 643 te
298 584 410 642 clausas
425 582 497 641 sciat
511 584 667 639 excantare
680 581 802 656 puellas,

173 683 231 749 Qui
244 684 325 742 volet
338 685 468 740 austeros
483 683 544 739 arte
557 679 646 738 ferire
659 679 767 738 viros.''
947 685 984 737 50

133 782 217 842 Talia
231 782 368 858 Calliope,
384 779 571 858 lymphisque
586 780 700 838 alonte
712 778 814 856 petitis

173 884 231 942 Ora
244 883 396 942 Philetaea
408 885 507 941 nostra
520 881 629 956 rigavit
642 902 727 959 aqua.
878 896 880 900 ·

541 1137 582 1176 IV.

136 1284 225 1341 Arma
238 1282 319 1340 Deus
334 1282 437 1340 Caesar
450 1280 525 1340 dites
539 1280 698 1339 meditatur
711 1280 747 1338 ad
760 1281 859 1354 Indos,
968 1331 973 1360 ,

175 1383 214 1440 Et
225 1381 303 1440 freta
317 1378 479 1455 gemmiferi
491 1379 601 1437 findere
616 1378 705 1437 alasse
718 1379 815 1439 maris.

135 1480 251 1554 Magna,
267 1479 333 1551 viri,
349 1498 466 1536 merces.
481 1480 567 1553 parat
580 1477 685 1535 ultima
698 1481 776 1536 terra
789 1477 972 1554 triumphos:

175 1578 271 1652 'lignis
284 1583 315 1636 ct
327 1577 493 1652 Euphrates
507 1576 560 1634 sub
573 1578 626 1633 tua
638 1574 703 1633 iura
716 1576 828 1635 fluent:

138 1679 217 1750 Sera,
235 1677 285 1736 sed
298 1676 436 1735 Ausoniis
450 1675 549 1733 veniet
562 1674 712 1750 provincia
724 1676 834 1751 virgis:
970 1682 987 1733 5

176 1776 358 1834 Adsuescent
371 1774 455 1832 Latio
469 1773 576 1831 Partha
588 1776 708 1848 tropaea
721 1774 795 1833 Iovi.

137 1876 185 1933 Ite
198 1874 286 1948 agite,
303 1876 440 1949 expertae
452 1873 531 1931 bello
546 1873 612 1931 date
626 1873 719 1931 lintea
731 1893 842 1949 prorae,

176 1974 216 2032 Et
230 1972 348 2030 solitum
362 1971 499 2046 armigeri
512 1970 611 2030 ducite
624 1991 731 2030 munus
745 1971 823 2048 equi.

138 2072 242 2130 Omina
254 2071 352 2130 fausta
366 2090 446 2129 cano.
489 2071 606 2129 Crassos
620 2071 789 2148 clademque
801 2071 900 2148 piato:

176 2171 224 2228 Itc
238 2172 268 2228 ct
281 2169 428 2227 Romanae
442 2169 584 2228 consulite
597 2169 746 2228 historiae.
953 2176 988 2229 10

138 2267 217 2325 Mars
230 2271 315 2343 pater
328 2270 359 2325 et
372 2287 467 2325 sacrae
479 2267 583 2326 fatalia
595 2269 708 2327 lumina
720 2269 837 2343 Vestae,

177 2368 256 2423 Ante
270 2384 348 2423 meos
362 2365 459 2423 obitus
473 2365 520 2437 sit,
536 2385 645 2441 precor,
661 2367 714 2425 illa
727 2366 798 2440 dies,

139 2464 204 2529 Qua
216 2464 339 2535 videam,
357 2464 455 2540 spoliis
469 2468 587 2523 onerato
603 2466 732 2524 Caesaris
746 2486 811 2540 axe,

178 2563 226 2620 Ad
238 2563 322 2636 vulgi
334 2563 455 2639 plausus
469 2583 553 2640 saepe
566 2565 701 2623 resistere
715 2585 814 2641 equos,

139 2663 235 2737 inque
249 2661 315 2719 sinu
330 2681 411 2719 carae
423 2661 513 2720 nixus
527 2666 657 2738 spectare
670 2664 787 2738 puellae
955 2670 989 2722 15

179 2759 332 2835 Incipiam,
349 2764 379 2818 et
392 2759 490 2818 titulis
504 2760 611 2836 oppida
624 2765 708 2836 capta
720 2761 826 2834 legam,

140 2858 210 2916 Tela
221 2857 335 2931 fugacis
349 2857 418 2934 equi
432 2863 462 2918 et
474 2859 601 2918 braccati
614 2858 718 2917 militis
731 2879 815 2918 arcus

179 2957 219 3015 Et
233 2959 333 3015 subter
347 2960 446 3033 captos
459 2977 538 3016 arma
552 2959 650 3017 sedere
664 2959 761 3017 duces.

141 3055 210 3130 Ipsa
221 3058 305 3113 tuam
318 3075 402 3115 serva
414 3057 533 3132 prolcm,
550 3056 668 3116 Venus:
690 3057 745 3115 hoc
760 3055 798 3117 sit
811 3057 844 3115 in
857 3077 969 3130 aevum,

180 3153 280 3212 Cernis
293 3155 330 3212 ab
343 3155 444 3213 Aenea
458 3156 537 3232 quod
551 3174 699 3232 superesse
713 3159 810 3231 caput.
953 3161 990 3214 20

141 3253 251 3310 Praeda
265 3252 303 3312 sit
316 3253 387 3311 haec
401 3253 470 3327 illis,
487 3274 611 3331 quorum
623 3274 754 3313 meruere
767 3254 897 3314 labores:

181 3353 228 3410 Ma·
240 3355 285 3411 sat
298 3352 355 3411 crit
369 3352 456 3411 Sacra
467 3353 606 3430 plaudere
619 3373 702 3432 posse
716 3352 782 3415 Via.
