2122 3728
249 226 468 286 PROPERTII
488 226 549 285 EL.
571 225 616 298 ΙΙ,
640 225 686 284 27.
703 230 750 282 28.
886 226 919 280 61

69 385 104 444 Io
117 404 203 444 versa
216 388 306 462 caput
318 386 426 463 primos
439 383 606 459 mugiverat
619 402 729 442 annos:

109 484 197 544 Nunc
211 484 274 557 dea,
291 503 366 561 quae
379 483 444 542 Nili
456 481 580 541 flumina
592 500 680 540 vaooa
691 479 776 540 bibit.
803 518 805 522 -

69 583 126 641 Ino
141 583 230 642 etiam
242 582 336 659 prima
349 582 435 641 terris
449 584 545 640 aetate
558 583 665 655 vagata
678 582 741 638 est:

110 683 196 742 Hanc
209 683 298 742 miser
310 682 439 759 inploret
451 680 553 741 navita
565 680 761 738 Leucothoen.
886 682 923 734 20

71 781 255 841 Andromede
268 781 406 840 monstris
418 781 517 840 iuerat
530 779 636 839 devota
648 778 768 837 marinis
780 799 786 835 ε

110 879 192 939 Haec
206 880 307 939 eadem
319 879 419 938 Persei
431 878 538 938 nobilis
551 897 627 936 uxor
640 880 712 937 erat.

73 978 193 1037 Callisto
206 977 346 1038 Arcadios
360 982 506 1038 erraverat
519 997 588 1036 ursa
599 997 653 1054 per
666 996 769 1052 agros:

111 1078 194 1137 Haec
206 1081 351 1136 nocturna
364 1097 415 1136 suo
430 1076 522 1137 sidere
535 1077 602 1136 vela
614 1077 700 1152 regit.

74 1175 157 1241 Quod
171 1175 196 1235 si
208 1175 285 1235 forte
298 1175 355 1236 tibi
368 1176 553 1253 properarint
566 1176 629 1235 lata
642 1175 781 1252 quietem,
886 1178 923 1231 25

112 1275 172 1333 Illa
184 1275 354 1351 sepulturae
366 1275 430 1335 fata
443 1277 529 1336 beata
541 1277 620 1334 tuae.

74 1372 212 1440 Narratio
226 1372 365 1445 Semelae,
382 1393 441 1450 quo
455 1373 494 1432 sit
506 1373 632 1432 formosa
644 1371 772 1450 periclo:

114 1471 220 1530 Credet
233 1474 264 1531 et
276 1471 338 1544 illa,
355 1490 406 1529 suo
420 1473 505 1531 docta
517 1472 618 1548 puella
630 1472 706 1530 malo
718 1493 725 1529 ε

74 1569 115 1629 Et
127 1568 184 1629 tibi
197 1569 346 1628 Maeonias
359 1569 453 1629 omnis
465 1570 599 1630 heroidas
610 1571 690 1629 inter

113 1667 229 1726 Primus
243 1667 300 1726 erit
312 1668 396 1726 nulla
409 1688 469 1727 non
481 1670 630 1728 tribuente
643 1669 734 1728 locus.
888 1671 925 1724 30

73 1765 104 1825 N
104 1785 170 1839 unc,
183 1769 348 1843 'utcumque
360 1770 452 1844 potes,
468 1768 530 1828 fato
544 1787 613 1843 gere
627 1767 724 1826 saucia
736 1786 845 1826 morem
858 1789 864 1824 :

113 1865 153 1925 Et
166 1864 238 1924 deus
252 1868 282 1924 et
295 1867 387 1925 durus
400 1867 528 1927 vertitur
541 1867 603 1944 ipse
619 1867 690 1926 dies,
740 1939 742 1943 Α
755 1938 758 1944 ¹

74 1963 140 2022 Hoc
152 1963 210 2023 tibi
222 1965 271 2024 vel
283 1965 392 2043 poterit
406 1967 535 2026 coniunx
548 1967 697 2041 ignoscere
710 1965 787 2024 Iuno
799 1987 806 2024 ε

113 2062 274 2139 Frangitur
286 2067 319 2124 at
330 2064 417 2139 Iuno,
434 2066 460 2124 si
473 2085 532 2143 qua
545 2065 646 2143 puella
658 2065 745 2141 perit.

443 2264 566 2322 20(va

26 2393 65 2438 (εδ)
76 2378 227 2440 Deficiunt
239 2380 351 2455 magico
364 2382 436 2440 torti
449 2384 504 2441 sub
518 2383 646 2442 carmine
658 2383 781 2455 rhombi,

115 2480 156 2538 Et
168 2479 245 2539 iacet
258 2479 391 2539 extincto
405 2481 506 2540 laurus
520 2483 624 2541 adusta
636 2482 710 2555 foco,

77 2576 189 2636 Etiam
202 2578 287 2636 Luna
299 2582 389 2653 negat
401 2579 510 2638 totiens
524 2581 697 2639 descendere
711 2582 799 2654 caelo,

116 2674 267 2753 Nigraque
280 2676 433 2735 funestum
446 2677 570 2737 concinit
583 2697 668 2736 omen
681 2677 751 2737 avis.

78 2773 144 2832 Una
156 2774 229 2833 ratis
241 2774 298 2834 fati
311 2778 425 2834 nostros
437 2777 567 2853 portabit
580 2797 691 2836 amores
912 2782 928 2832 5

28 2891 66 2940 (ro)
118 2871 241 2931 Caerula
254 2874 291 2932 ad
303 2873 433 2933 infernos
445 2877 593 2935 velificata
605 2876 696 2935 lacus.

79 2969 116 3029 Si
125 2990 185 3030 non
197 2972 295 3045 unius,
312 2993 427 3050 quaeso,
444 2975 579 3034 miserere
593 2976 725 3033 duorum,

118 3069 232 3144 Vivam,
249 3071 274 3130 si
287 3071 388 3131 vivet:
411 3073 436 3132 ei
450 3075 533 3134 cedet
546 3075 607 3146 illa,
624 3075 732 3132 cadam.

79 3167 136 3226 Pro
149 3168 257 3246 quibus
270 3172 378 3248 optetis
392 3191 470 3231 sacro
484 3193 531 3232 me
545 3172 668 3231 erimine
681 3172 805 3230 damno:

120 3266 250 3327 Scribam
276 3289 351 3363 ego:¹
382 3275 464 3350 “per
490 3291 633 3349 maguum
654 3271 739 3331 salua
757 3271 867 3347 nuella
900 3271 945 3322 hb

151 3366 260 3440 Iovem,
267 3368 287 3397 ”
