2122 3728
138 241 194 295 104
301 233 519 294 PROPERTH
538 231 599 292 ΕΒ.
619 231 682 305 ΠΙ,
706 237 754 291 22.
770 237 821 294 23.
866 314 870 320 μ

47 410 51 420 ’
176 394 305 465 Famam,
321 393 423 464 Roma,
438 393 582 450 tuaenon
593 390 685 467 pudet
697 389 858 449 historiae:
949 393 983 448 20

135 492 212 550 Nam
226 493 370 568 quantum
382 488 459 548 ferro
471 491 589 549 tantum
601 488 712 565 pietate
724 491 864 565 potentes

176 590 310 649 Stemus:
332 587 467 649 victrices
479 590 624 664 temperat
635 586 679 646 ira
692 607 808 646 manus.

136 689 197 749 Hic
210 689 288 748 Anio
302 689 430 749 Tiburne
442 688 520 761 fluis,
537 686 704 746 clitumnus
717 688 753 746 ab
766 686 881 746 Umbro

176 787 315 861 Tramite,
331 791 363 846 et
375 790 526 846 aeternum
538 785 667 845 Marcius
679 803 764 844 umor
777 805 860 862 opus,

135 887 320 964 Albanusqua
333 886 414 945 lacus
427 885 498 944 socii
510 883 695 944 Nemorensis
707 890 735 944 et
747 885 837 958 unda,
952 889 985 942 25

174 986 307 1062 Potaque
320 983 448 1043 Pollucis
462 983 582 1061 lympha
595 983 720 1043 salubris
734 1003 821 1060 equo.

135 1084 178 1143 At
191 1102 246 1142 noa
260 1101 411 1160 squamoso
424 1083 567 1141 labuntur
579 1085 681 1142 ventre
695 1085 834 1155 cerastae,

175 1181 255 1241 Itala
267 1181 410 1257 portentis
423 1201 477 1240 nec
490 1181 561 1240 fluit
573 1182 652 1240 unda
664 1180 758 1254 novis,

135 1280 204 1339 Non
215 1281 265 1339 hic
279 1280 481 1340 Andromedae
493 1283 631 1340 resonant
643 1299 695 1356 pro
708 1282 803 1338 matre
816 1282 944 1352 catenae,

106 1410 112 1423 ·
174 1379 204 1438 N
205 1399 237 1439 ec
249 1378 352 1438 tremis
365 1378 518 1452 Ausonias,
534 1379 650 1438 Phoebe
662 1378 775 1454 fugate,
790 1378 890 1455 dapes,
952 1382 985 1435 30

133 1478 163 1536 N
164 1497 196 1537 ec
210 1477 348 1554 cuiquam
362 1479 496 1537 absentes
509 1479 643 1536 arserunt
655 1476 688 1534 in
701 1480 791 1553 caput
805 1476 890 1552 ignes

172 1575 309 1635 Exitium
321 1579 390 1635 nato
403 1579 496 1635 matre
509 1579 644 1636 movente
658 1595 719 1648 suo,

133 1675 266 1734 Penthea
277 1695 337 1734 non
351 1694 453 1735 saevae
466 1678 612 1734 venantur
623 1674 657 1732 in
669 1676 771 1734 arbore
784 1673 928 1746 Bacchae,

171 1772 202 1831 N
203 1792 236 1832 ec
249 1773 338 1832 solvit
350 1774 466 1832 Danaas
480 1773 598 1833 subdita
611 1792 696 1832 cerva
708 1776 796 1846 rates,

135 1871 249 1930 Cornua
262 1892 316 1931 nec
333 1871 425 1932 valuit
438 1892 559 1932 curvare
571 1872 604 1930 in
616 1871 709 1948 pelice
722 1872 801 1930 Iuno
952 1875 985 1928 35

173 1970 238 2030 Aut
250 1970 356 2030 taciem
368 1971 450 2048 turpi
463 1972 633 2031 dedecorare
645 1972 728 2042 hove,

132 2069 310 2128 Arboreasoe
325 2089 424 2128 cruces
438 2069 527 2143 Sinis,
544 2074 575 2129 et
586 2089 646 2128 non
658 2068 776 2145 hospita
789 2068 877 2128 Grais
930 2112 933 2116 ·

172 2167 259 2240 Saxa,
276 2171 306 2227 et
320 2171 454 2228 curvatas
467 2169 499 2227 in
513 2189 566 2228 sua
577 2168 639 2229 fata
652 2170 758 2227 trabes.

132 2264 294 2337 Haec-tibi,
307 2266 403 2337 Tulle,
416 2286 529 2343 parens,
542 2268 613 2326 haec
627 2270 672 2326 est
684 2266 884 2343 pulcherrima
897 2266 984 2337 sedes,

170 2363 230 2421 Hic
245 2364 301 2423 tibi
314 2384 366 2441 pro
381 2365 470 2440 digna
483 2369 570 2441 gente
583 2366 727 2443 petendus
740 2367 843 2438 honos,
952 2371 986 2423 40

132 2462 192 2521 Hic
205 2462 262 2522 tihi
275 2464 312 2522 ad
325 2464 476 2541 eloquium
489 2465 576 2538 cives,
592 2465 640 2524 hic
653 2464 750 2541 ampla
762 2467 907 2540 nepotum

172 2561 244 2637 Spes
260 2565 290 2621 et
303 2565 446 2623 venturae
459 2563 591 2639 coniugis
604 2566 691 2639 aptus
705 2580 794 2622 amor.

517 2759 607 2799 XXIII.

130 2857 208 2931 Ergo
221 2860 284 2916 tam
297 2857 398 2917 doctae
411 2858 495 2917 nobis
509 2859 621 2935 periere
633 2860 768 2932 tabellae,

170 2955 286 3033 Scripta
300 2955 407 3032 quibus
421 2957 531 3033 pariter
543 2961 590 3017 tot
602 2958 713 3035 periere
726 2958 811 3016 bona.

129 3050 193 3111 Has
207 3054 354 3129 quondam
367 3054 475 3113 nostris
488 3055 623 3115 manibus
636 3055 796 3115 detriverat
808 3074 891 3128 usus,

170 3151 230 3216 Qui
243 3172 302 3211 non
317 3152 447 3228 signatas
460 3154 546 3214 iussit
558 3154 665 3215 habere
678 3155 774 3214 fidem.

128 3249 204 3309 Illae
217 3251 276 3309 iam
290 3251 352 3311 sine
365 3272 412 3312 me
425 3256 532 3313 norant
544 3255 660 3330 placare
673 3253 796 3330 puellas,
970 3260 987 3311 5

166 3347 206 3408 Et
219 3350 362 3425 quaedam
375 3351 438 3413 sine
451 3371 498 3414 me
511 3354 601 3415 verba
614 3353 722 3414 diserta
734 3351 828 3428 loqui.
