2122 3728
356 231 669 294 POSTSORIPFUM.
861 232 938 292 lxvii

123 395 151 450 2.
174 394 221 449 34.
244 393 291 448 34.
313 388 467 449 Fortasse:
490 392 580 450 tenuis
593 392 690 467 foetos
710 392 820 468 (moeno
839 411 878 452 ex
899 395 936 450 30

82 490 269 565 desumptum
281 487 423 565 videtur).
968 577 971 583 Ι

121 593 149 646 2.
173 592 220 647 34.
246 593 294 646 38.
324 588 429 646 Motis
460 586 539 660 libri,
579 587 687 647 testu
721 588 934 659 Broukhusius‚

83 685 232 746 Heinsius.
254 686 284 746 N
302 686 424 746 exhibet
444 705 523 762 equo:
543 686 621 763 quod
644 687 679 744 L.
700 687 864 746 Muellerus
883 705 936 763 pro

82 784 261 844 nominativo
276 784 377 845 edidit.

121 889 149 942 3.
173 887 200 942 l.
222 884 270 943 27.
292 903 353 942 oum
371 883 453 958 prole
475 883 644 944 Scamandro
664 884 700 944 G.
723 884 861 946 Woorrro
876 904 936 944 non

82 982 216 1059 Hauptio
230 982 460 1041 attribuendum.

121 1087 148 1140 3.
173 1085 200 1140 5.
226 1086 274 1140 39.
298 1081 454 1141 Fortasse:
483 1081 542 1141 sint
563 1082 629 1141 iura
651 1083 729 1142 Qum
751 1085 935 1161 tormentoque

81 1184 197 1239 sontum.

120 1284 149 1337 3.
173 1283 200 1340 8.
222 1284 271 1338 29.
291 1279 372 1355 Leo:
393 1280 486 1352 grata.

120 1384 148 1436 3.
170 1383 198 1437 9.
220 1384 269 1437 25.
290 1378 446 1437 Fortasse:
469 1377 553 1438 orbos.

59 1487 60 1490 ’
120 1482 146 1535 3.
171 1479 217 1540 17.
240 1482 287 1537 36.
309 1477 387 1553 Loq:
410 1477 543 1537 Fundet.

119 1581 147 1634 3.
172 1575 218 1635 17.
241 1581 288 1634 38.
310 1575 391 1651 Leq:
411 1573 547 1633 fundens.

119 1679 146 1732 3.
170 1678 216 1733 18.
239 1678 287 1734 34.
309 1674 466 1733 Fortasse:
497 1674 600 1732 Caesar
627 1673 766 1732 Romanis
787 1675 873 1735 cessit
899 1676 931 1734 in

79 1777 158 1833 astra
171 1792 234 1833 oua.

118 1876 145 1932 3.
170 1876 217 1930 19.
241 1871 287 1930 17.
308 1871 390 1931 Fort.
405 1889 515 1930 amaro:
527 1870 577 1928 vel
590 1889 721 1929 omarum

117 1973 287 2030 4.1.150.
327 1970 408 2046 Leo:
429 1969 521 2029 time!

117 2075 145 2127 4.
167 2073 196 2129 2.
218 2073 266 2127 52.
288 2067 387 2128 Scribe
410 2068 470 2126 Ille
496 2066 552 2127 sibi
579 2067 723 2128 constabit
749 2067 926 2146 Propertius.

78 2168 146 2227 Vid.
162 2168 199 2226 ad
213 2173 241 2226 3.
259 2172 304 2226 13.
321 2172 368 2225 39.

118 2273 145 2324 4.
169 2271 196 2326 3.
220 2271 267 2326 53.
289 2266 371 2326 Fort.
387 2265 425 2325 ad
437 2285 526 2326 soora.
