2122 3728
113 235 147 291 lx
416 232 657 292 PRAEFATIO.

155 397 199 450 10.
222 392 269 449 47.
291 391 355 450 baec
368 390 446 462 libri,
462 392 514 449 bac
526 388 740 450 Broukhusins.

154 495 198 549 ll.
224 496 249 548 l.
271 490 361 549 Paule
375 490 404 549 N
418 490 474 566 (ita
487 489 619 566 passim).

154 594 200 646 11.
224 593 252 649 8.
273 588 396 648 herbosos
416 589 454 662 N,
477 589 518 646 H.
562 588 698 647 umbrosos
719 587 800 645 codd.
820 586 967 646 nonnulli.

111 687 206 746 Locus
222 691 377 764 corruptus
398 691 451 748 est.
492 688 583 765 Royos
604 687 689 746 credo
703 705 720 744 a
733 685 830 760 glossa
849 706 916 762 rogo
934 686 970 743 ad

111 787 221 846 subdito
231 787 263 844 in
275 791 292 844 3
304 790 410 846 ortum.
435 787 572 846 umbrosos
582 787 678 846 lwrc'da
684 786 778 845 Parca
789 785 858 843 locos
869 786 969 844 Mark-

111 887 230 945 landus:
243 885 513 946 umbrosos—domos
521 885 776 945 Hemsterhnsius:
787 885 862 943 mihi
870 889 970 943 tamen

111 986 188 1043 illud
198 984 303 1043 obserat
317 985 512 1045 consideranti
521 983 710 1043 verisimilius
722 983 843 1043 videtur
852 985 969 1060 poetam

113 1083 260 1160 scripsisse
271 1105 278 1142 :

230 1203 353 1261 Obsorat
366 1205 516 1261 umbrosas
528 1201 625 1260 lurida
637 1204 722 1277 porta
733 1200 821 1260 fores.

112 1323 155 1378 af.
172 1322 236 1380 Liv.
254 1326 280 1382 l.
298 1327 354 1381 14:
376 1323 548 1399 prinsquam
561 1321 640 1381 iores
656 1324 807 1396 portarurn
820 1320 969 1380 obiceren-

111 1425 169 1477 tur.
211 1421 257 1479 Ib.
274 1424 321 1478 28.
338 1425 375 1478 6:
399 1421 451 1497 qui
463 1420 541 1479 iores
553 1424 656 1495 portas
669 1419 827 1478 obicerent.

154 1525 200 1580 11.
224 1526 270 1579 13.
292 1521 359 1581 Non
371 1521 410 1581 N.

154 1622 199 1677 14.
221 1619 264 1677 El
276 1620 315 1679 N.

153 1722 199 1775 11.
223 1722 269 1776 14.
290 1718 334 1776 Et
347 1719 385 1777 N.
413 1720 463 1778 Ea
473 1719 513 1789 H,
524 1718 623 1793 vulgo.
653 1717 760 1794 locatur
772 1717 811 1791 N,
829 1717 909 1795 quod
923 1738 967 1775 re-

111 1817 274 1875 tinendum.
317 1816 424 1876 leuatur
437 1818 477 1893 H,
492 1816 592 1891 vulgo.

155 1919 200 1973 ll.
225 1915 319 1974 17-7
323 1920 348 1979 6.
369 1915 488 1974 Folium
502 1934 540 1974 ex
553 1914 582 1973 N
595 1915 692 1991 periit.

153 2019 198 2071 ll.
221 2018 256 2071 21
279 2015 551 2092 Asac‘decatfrctrac
563 2014 642 2073 libri.
670 2013 833 2084 Assidebat,
842 2012 967 2088 fratrem

111 2113 155 2170 ed.
190 2111 356 2183 Assideant
372 2111 470 2172 Minos
482 2112 515 2170 in
529 2112 601 2172 sella
615 2112 702 2171 iuxta
713 2112 836 2170 fratrem
849 2111 966 2169 Rhada-

111 2211 265 2268 manthum
277 2210 382 2285 posita,
403 2213 433 2270 et
447 2210 632 2271 Eumenides.
673 2211 804 2270 Flebam
816 2209 849 2266 in
855 2210 967 2286 fratrea

111 2311 146 2365 ut
159 2311 229 2366 sunt
241 2327 255 2366 s
269 2310 300 2366 et
318 2327 346 2365 m
359 2307 462 2368 finales
481 2309 560 2369 inter
573 2329 603 2368 se
623 2307 779 2369 mutabiles
796 2313 966 2384 corruptum

112 2409 165 2464 est.
206 2410 233 2463 at
253 2405 286 2463 in
303 2405 362 2464 fine
382 2426 484 2467 versus
503 2411 582 2467 reete
602 2408 715 2467 addunt
733 2406 967 2481 Hamburgensis

112 2509 142 2562 et
162 2504 330 2563 Perusinus.
371 2505 483 2566 lIinoia
500 2506 560 2565 Hb.
582 2508 616 2565 P.
637 2510 724 2565 recte.
765 2505 895 2564 mondo
915 2505 967 2562 alii

112 2603 193 2662 codd.

150 2706 198 2759 24.
220 2701 374 2777 corrbriare
390 2702 423 2759 H
441 2703 519 2762 libri.
562 2705 699 2778 corrobare
719 2722 764 2761 ore
783 2703 916 2760 Auratus
935 2706 966 2760 et

110 2799 261 2858 Heinsius.
302 2800 362 2858 Hic
383 2801 496 2860 confert
516 2806 544 2860 2.
569 2803 614 2875 17,
637 2806 674 2860 6:
697 2801 754 2859 Vel
773 2806 809 2860 tu
830 2800 965 2858 lbctolec

110 2917 243 2957 moveare
265 2899 303 2957 ad
321 2898 444 2957 flumina
462 2902 539 2959 sorte
552 2900 595 2958 Ut
609 2899 701 2976 liquor
720 2898 814 2958 arenti
827 2898 914 2956 fallat
927 2901 964 2956 ab

110 3016 155 3053 ore
164 2996 253 3056 sitim.
273 2997 321 3057 Sic
330 2995 708 3058 ClaudianusaBmmanno
715 2997 861 3068 laudatus,
873 2996 962 3073 Rapt.
1024 3008 1034 3027 ·

110 3094 190 3154 Pros.
206 3099 234 3167 2,
252 3099 309 3153 336
321 3117 327 3155 :
350 3094 418 3155 Non
431 3115 508 3173 aqua
523 3097 664 3156 Tantaleis
678 3095 851 3157 subducitur
863 3095 964 3154 invida

109 3193 207 3252 labris.

151 3297 196 3351 ll.
220 3297 269 3353 30.
289 3292 370 3352 Aera
388 3292 466 3352 libri.
517 3294 597 3370 Afra
618 3293 756 3368 Scaliger.
777 3312 862 3370 royac
881 3291 959 3363 libri,

107 3395 203 3449 costra
215 3391 264 3450 vel
277 3411 334 3451 acc
347 3392 401 3451 ed:
426 3398 493 3451 ‘one
506 3398 547 3452 set
560 3393 595 3470 os
601 3392 726 3453 brassac)
