2122 3728
281 200 500 259 PROPERTII
522 202 583 261 ΕΒ.
604 203 650 275 ΙΙ,
674 209 701 261 6.
881 209 918 261 33

470 437 512 477 VI.

60 554 91 614 Ν
92 575 129 614 on
142 555 185 615 ita
199 557 382 632 complebant
394 555 548 634 Ephyreae
561 557 667 617 Laidos
681 559 773 633 aedes,

101 655 150 713 Ad
163 655 247 715 cuins
259 655 351 714 iacuit
364 655 486 715 Graecia
497 660 561 714 tota
573 655 659 731 fores,

62 752 162 811 Turba
174 753 368 812 Menandreae
381 753 479 813 fuerat
491 773 545 813 nec
560 754 685 814 Thaidos
699 756 769 814 olim

103 850 207 924 Tanta,
222 852 254 910 in
268 872 327 930 qna
339 853 465 930 populus
478 854 553 912 lusit
566 853 785 927 Erichthonius,

62 950 93 1008 N
93 969 134 1023 ec,
151 971 226 1028 quae
240 952 350 1010 deletas
362 951 462 1027 potuit
475 971 645 1028 componere
659 953 782 1026 Thebas,
897 961 914 1013 5

101 1051 221 1127 Phryne
234 1053 295 1109 tam
309 1050 411 1110 multis
424 1050 504 1110 faeta
516 1053 602 1110 beata
615 1051 696 1111 viris.

62 1147 142 1212 Quin
156 1148 245 1208 etiam
257 1149 346 1208 falsos
358 1150 446 1224 fingis
458 1150 515 1209 tibi
529 1170 613 1227 saepe
626 1153 814 1230 propinquos,

101 1248 209 1332 Oscula
221 1268 275 1307 nec
289 1249 395 1309 desunt
409 1249 461 1326 qui
474 1249 530 1308 tibi
543 1250 607 1310 iure
620 1250 728 1311 ferant.

61 1347 111 1405 Me
124 1347 265 1407 iuvenum
278 1347 373 1426 pictae
386 1347 483 1421 facies,
499 1369 546 1407 me
559 1350 677 1409 nomina
690 1352 820 1427 laedunt,

100 1447 150 1504 Me
163 1450 249 1505 tener
260 1446 293 1504 in
307 1447 390 1506 cunis
403 1451 434 1506 et
447 1446 509 1506 sine
522 1468 592 1508 voce
605 1469 695 1525 puer:
878 1456 912 1510 10

60 1546 111 1604 Me
124 1547 227 1618 laedat,
244 1546 269 1604 si
281 1547 375 1605 multa
388 1547 444 1606 tibi
457 1547 539 1607 dedit
552 1548 650 1607 oscula
663 1553 765 1622 mater,

100 1644 151 1703 Me
164 1663 244 1703 soror
257 1648 288 1705 et
301 1664 367 1703 cum
381 1664 440 1722 qua
453 1645 560 1706 dormit
573 1646 678 1706 amicta
692 1647 798 1706 simul:

61 1742 167 1801 Omnia
173 1762 220 1802 me
227 1743 347 1802 laedant
357 1743 527 1803 :—timidns
536 1764 613 1803 sum:
629 1745 746 1819 ignosce
755 1746 854 1805 timori
864 1769 914 1805 :—

100 1842 140 1901 Et
152 1841 240 1901 miser
252 1843 285 1902 in
296 1843 398 1903 tunica
411 1843 541 1920 suspicor
553 1863 614 1903 esse
627 1843 733 1903 virum.

59 1940 117 2000 His
126 1941 205 2015 olim,
212 1941 330 2002 utfama
340 1946 393 2016 est,
403 1941 777 2018 vitiisadpraeliaveutum
786 1946 844 2002 est:
877 1948 911 2002 15

98 2040 155 2100 His
168 2040 293 2100 Troiana
304 2041 386 2102 vides
398 2042 504 2100 limera
515 2040 675 2118 principiis.

58 2140 171 2216 Aspera
184 2140 345 2200 Centauros
358 2141 458 2200 eadem
471 2140 618 2200 dementia
630 2139 718 2201 iussit

99 2239 248 2314 Frangere
261 2239 293 2297 in
306 2240 460 2299 adversum
472 2240 579 2315 poeula
592 2238 766 2299 Pirithoum.

58 2337 119 2396 Cur
133 2338 267 2415 exempla
279 2342 378 2415 petam
391 2338 536 2398 Graium?
555 2343 591 2397 tu
605 2338 733 2397 o1iminis
747 2342 856 2412 auctor,

97 2435 127 2492 N
127 2435 238 2495 ntritus
251 2436 346 2509 durae,
362 2436 495 2509 Romule,
511 2437 587 2496 lacte
600 2437 696 2513 lupae.
873 2442 910 2497 20

58 2537 104 2594 Tu
117 2557 218 2613 rapere
231 2538 358 2598 intactas
367 2537 495 2601 docuisti
507 2538 627 2613 impune
642 2535 782 2596 Sabinas:

97 2637 154 2694 Per
166 2639 197 2695 te
210 2656 290 2694 nuno
303 2636 412 2695 Romae
426 2635 572 2712 quidlibet
585 2635 675 2694 audet
687 2636 787 2694 Amor.

56 2733 145 2792 Felix
158 2734 277 2794 Admeti
290 2735 420 2794 coniunx
434 2739 464 2795 et
476 2736 572 2795 lectus
584 2735 692 2808 Ulixis,

96 2833 136 2892 Et
151 2852 351 2910 quaecumque
364 2833 420 2893 ca'ri
434 2833 546 2893 femina
558 2833 650 2892 limen
664 2836 751 2893 amat.

55 2931 177 3006 Templa
190 2930 351 2990 Pudicitiae
365 2932 437 3009 quid
450 2952 522 3008 opus
536 2931 672 2991 statuisse
685 2929 801 3007 puellis,
872 2935 908 2988 25

95 3028 128 3087 si
141 3029 234 3088 cuivis
246 3032 357 3106 nuptae
370 3030 516 3107 quidlibet
529 3049 590 3089 esse
603 3028 695 3087 licet?
907 3035 911 3042 ”

56 3127 139 3192 Quae
151 3148 255 3188 manus
269 3130 425 3188 obscaenas
439 3128 575 3205 depinxit
587 3126 683 3204 prima
696 3126 819 3187 tabellas

96 3227 137 3285 Et
150 3228 248 3304 posuit
263 3231 342 3286 easta
354 3228 454 3304 turpia
466 3227 529 3287 visa
543 3227 634 3300 domo,

54 3326 115 3384 Illa
124 3327 292 3401 puellarum
305 3327 452 3405 ingenuos
466 3326 603 3407 corrupit
616 3325 741 3398 ocellos,

453 3453 473 3491 l)
