2122 3728
311 247 529 306 escensuri
550 247 610 305 nu,
632 247 685 320 ιιι,
709 251 737 305 4.
900 250 953 304 ιιι

100 404 179 470 Quid
190 408 257 463 turn
271 404 364 463 Roma
376 405 445 476 fuit,
461 405 583 464 tubicen
595 404 692 464 vicina
707 405 823 463 Curetis

138 504 211 562 Cum
226 500 363 580 quateret
375 504 457 562 lento
471 524 621 562 murmure
636 524 707 561 saxa
720 503 823 562 Iovis?
919 509 954 560 10

99 603 199 680 Atque
213 603 266 661 ubi
279 623 358 660 nunc
373 604 459 660 terris
473 603 614 661 dicuntur
627 602 692 660 iura
706 603 843 674 subactis,

138 701 262 760 Stabant
276 702 407 759 Romano
420 701 482 777 pila
497 701 604 760 Sabina
616 702 693 760 loro.

100 800 204 858 Murus
218 803 302 858 erant
315 805 448 858 montes:
471 800 523 858 ubi
536 821 615 858 nunc
630 806 674 859 est
689 800 770 860 curia
783 804 892 877 saepta,

139 898 270 956 Bellicus
284 918 322 956 ex
335 898 387 956 illo
401 899 484 958 fonte
497 899 616 958 bibebat
630 920 732 976 equus.

102 997 183 1055 Hinc
197 996 405 1072 Tameia-deae
417 996 531 1055 fontem
544 998 665 1056 libavit:
689 998 778 1056 atilli
921 1005 953 1056 15

106 1078 716 1170 ΜῶιἻ
629 1085 724 1172 caput.

103 1195 143 1253 Et
156 1195 227 1252 satis
240 1213 301 1252 una
313 1195 519 1287 malaepjuit
532 1215 609 1253 mors
623 1215 685 1254 esse
698 1195 825 1284 puellas,

144 1293 225 1358 Quae
239 1293 335 1352 voluit
348 1294 478 1352 flammas
485 1293 652 1379 fallere,
620 1276 721 1379 Vesta,
724 1295 825 1381 tuas?

101 1387 190 1451 Vidit
195 1369 510 1450 barffldmm
492 1393 647 1468 proludere
662 1393 782 1468 campis,

143 1493 285 1568 Pictaque
298 1511 351 1567 per
364 1491 455 1550 flavas
469 1512 548 1550 arma
562 1493 660 1551 levare
673 1491 767 1551 iubas.
919 1499 956 1551 20

106 1591 267 1666 Obstupuit
280 1591 357 1664 regis
370 1590 445 1648 facie
460 1594 491 1649 et
504 1591 653 1665 regalibus
666 1590 761 1661 armis,

95 1765 100 1776 Ο
145 1690 289 1765 Interque
305 1689 411 1747 oblitas
424 1690 537 1749 excidit
550 1710 625 1747 urna
638 1709 750 1748 manus.

107 1789 197 1864 Saepe
211 1789 264 1846 illa
278 1788 440 1848 immeritae
455 1793 574 1848 causata
588 1792 632 1847 est
646 1789 742 1846 omina
754 1789 851 1860 lunae,

146 1889 187 1946 Ilt
200 1887 256 1946 sibi
269 1888 447 1962 tinguendas
460 1888 538 1946 dixit
550 1888 583 1946 in
597 1907 680 1946 amne
694 1907 805 1946 comas:

110 1987 202 2062 Saepe
215 1987 288 2044 tulit
300 1987 415 2045 blandis
429 1990 567 2061 argentea
580 1986 645 2045 lilia
658 1986 812 2063 Nymphis,
921 1993 958 2044 ⁴25

146 2085 274 2144 Romula
286 2106 324 2144 ne
338 2085 444 2144 faciem
457 2086 586 2145 laederet
599 2087 684 2144 hasta
697 2085 772 2144 Tati.

107 2185 244 2261 Dumque
258 2185 338 2243 subit
351 2185 444 2260 primo
459 2185 604 2261 Capitolia
617 2185 822 2258 nubilaiumo,

149 2283 280 2342 Rettulit
292 2282 415 2342 hirsutis
427 2285 548 2342 brachia
561 2288 639 2342 secta
652 2283 742 2355 rubis,

110 2382 151 2441 Et
164 2402 217 2440 sua
230 2382 353 2458 Tarpeia
365 2383 495 2442 residens
508 2383 552 2441 ita
563 2383 648 2442 flevit
661 2385 697 2441 ab
712 2403 776 2441 arce

149 2482 289 2551 Vulnera,
304 2481 400 2540 vicino
414 2502 473 2539 non
485 2482 624 2558 patienda
639 2483 714 2540 Iovi.
923 2488 959 2538 30

95 2614 99 2625 ·
114 2580 232 2654 “Ignes
246 2584 406 2638 castrorum
420 2583 450 2639 et
464 2580 565 2639 Tatiae
577 2580 722 2656 praetoria
735 2584 848 2639 turmae

151 2679 191 2737 Et
204 2678 329 2737 formosa
343 2679 434 2737 oculis
448 2700 527 2737 arma
542 2680 648 2737 Sabina
661 2680 742 2751 meis,

113 2777 138 2836 Ο
152 2776 266 2835 utinam
281 2777 317 2834 ad
330 2779 441 2835 vestros
455 2779 569 2836 sedeam
582 2778 698 2854 captiva
711 2779 843 2849 Penates,

153 2875 232 2934 Dum
246 2865 363 2951 captiva
375 2876 432 2934 mei
446 2877 594 2953 conspicer
607 2897 656 2935 oro
669 2876 746 2934 Tati.

114 2974 239 3032 Romani
252 2978 365 3034 montes
380 2980 410 3034 et
422 2977 571 3035 montibus
584 2975 684 3033 addita
698 2973 791 3032 Roma
926 2977 962 3028 35

155 3073 195 3131 Et
207 3073 305 3132 valeat
316 3076 422 3149 probro
435 3075 526 3134 Vesta
543 3074 680 3151 pudenda
692 3091 765 3131 meo.

116 3172 175 3231 Ille
188 3193 290 3250 equus,
305 3173 357 3232 ille
370 3194 449 3234 meos
462 3174 494 3232 in
508 3177 602 3233 castra
614 3173 736 3247 reponet
750 3188 869 3241 amores,

157 3269 212 3328 Oui
225 3272 328 3331 Tatius
341 3272 460 3331 dextras
474 3271 597 3331 collocat
609 3270 672 3346 ipse
685 3267 778 3326 iubas.

117 3366 196 3432 Quid
208 3369 315 3430 mirum
328 3370 361 3429 in
372 3372 482 3448 patrios
496 3371 625 3448 Scyllam
639 3366 763 3427 saevisse
777 3365 904 3444 capillos,
