2122 3728
428 236 553 294 LIBER
573 236 618 295 II.
896 239 952 296 xxi

139 397 185 452 21.
210 398 256 452 11.
277 394 394 470 quando,
410 393 443 451 in
456 413 547 468 marg.
563 395 706 470 quondan,
722 395 760 452 N.
883 430 888 437 ·

140 496 186 550 21.
211 496 257 549 12.
280 492 329 551 Ita
356 492 472 564 Hertz.,
500 512 567 550 eum
594 492 745 550 Beroaldo.
797 494 886 551 maie
911 494 950 551 N.

99 591 175 648 dano
184 590 223 648 N.

139 694 187 746 21.
211 688 256 746 17.
278 689 328 748 Ita
346 688 385 760 N,
408 688 459 746 H:
488 691 577 747 reete.
620 707 721 746 sensus
745 693 807 754 est:
839 691 949 762 “huie,

99 806 204 862 nempe
214 807 232 845 a
242 787 378 864 Cynthia,
391 788 465 846 alter
479 787 656 846 amatoriam
665 787 780 863 pridem
790 789 949 864 quaeritur,

100 889 131 943 et
157 885 208 944 ille
235 889 328 945 restat
352 885 427 944 mihi
453 885 655 945 tolerandus.’'
707 885 842 945 Fortasse
868 887 952 946 malis

99 985 282 1060 qaodreatet.

141 1086 188 1142 22.
210 1088 238 1140 5.
260 1083 369 1141 dedaee't
382 1083 421 1140 N.
463 1082 542 1141 Corr.
558 1082 746 1141 Passeratius.

140 1187 187 1239 22.
211 1186 257 1239 30.
280 1181 345 1240 Noa
364 1182 403 1239 N.

140 1283 187 1339 22.
212 1285 259 1340 31.
281 1279 373 1338 eleeto
387 1279 428 1338 H.
470 1284 642 1355 eoaeerperet
653 1279 692 1338 N.

140 1384 188 1437 22.
212 1384 259 1437 33.
276 1384 411 1455 poterent
426 1379 464 1438 N.

140 1481 188 1534 22.
211 1482 258 1535 48.
280 1478 381 1550 earN,
398 1496 466 1554 paee
478 1478 517 1549 N,
533 1482 606 1536 aetat
619 1478 658 1535 N.

141 1581 187 1639 22.
209 1581 255 1634 50.
278 1576 397 1636 Omittit
412 1577 450 1636 N.
499 1597 627 1654 quaerere
643 1577 743 1651 vulgo.
780 1578 868 1635 de‘oere
884 1579 949 1636 edd.

99 1674 951 1752 vett.nonquaererepuerumseddieerequaevideritiubet

101 1793 209 1845 amans,
225 1776 255 1832 et
271 1793 398 1850 quaerere
411 1777 477 1849 post
490 1775 650 1850 quaerendo,
669 1793 755 1849 quem,
777 1792 853 1850 qaae,
875 1778 951 1833 auri-

100 1873 156 1930 bus
171 1871 315 1949 displicet.
357 1874 448 1934 Credo
461 1873 493 1931 in
507 1874 665 1949 archetypo
684 1874 806 1932 verbum
823 1872 950 1932 defuisse

101 1988 160 2045 quo
179 1969 321 2029 offensum
342 1971 465 2029 scribam
483 1971 535 2048 qui
554 1970 782 2046 Neapolitanum
798 1971 950 2048 descripsit

100 2073 197 2128 totum
214 2091 332 2130 versum
354 2071 491 2129 omisisse.
532 2070 625 2128 Plura
643 2071 747 2128 Hertz.
763 2073 794 2129 et
806 2070 874 2130 libri
884 2072 949 2148 plu-

101 2168 186 2226 rimi:
203 2168 290 2243 sarta
310 2171 354 2230 ed.
396 2169 472 2227 Nam
494 2168 584 2228 oodex
606 2169 838 2244 Hamburgensis
859 2171 949 2230 habet

94 2266 170 2340 fate.
227 2268 274 2326 Sio
296 2266 509 2344 Neapolitanus
535 2266 597 2343 ipse
620 2267 711 2326 habet
736 2268 861 2344 pristina
880 2269 947 2344 fata

102 2368 163 2434 tua,
179 2369 207 2423 2.
223 2370 251 2437 2,
267 2371 295 2424 4.

142 2469 190 2521 23.
215 2469 240 2522 l.
262 2470 289 2522 et
301 2464 331 2523 N
341 2485 347 2524 :
369 2464 433 2522 leaeo
446 2464 487 2522 H.
529 2468 555 2521 et
568 2483 669 2522 verum
682 2466 735 2523 est.
770 2466 852 2523 etiem
866 2468 949 2524 semi-

102 2566 163 2620 tam
177 2583 236 2640 qua
253 2565 393 2622 utebatur
408 2563 516 2637 vulgus
532 2563 700 2639 Propertius
715 2563 787 2622 dicit
801 2564 856 2623 sibi
871 2564 949 2639 fugi-

104 2662 208 2720 endam
221 2661 321 2722 fuisse.
336 2667 363 2720 et
380 2681 433 2738 pro
446 2663 530 2720 etiam
543 2680 629 2738 saepe
641 2662 774 2722 invenies
788 2665 865 2738 apud
879 2665 947 2721 Pro-

103 2760 242 2835 pertium.
996 2745 1000 2753 ’

143 2864 192 2917 23.
214 2863 262 2917 22.
283 2861 408 2918 irruerint
420 2858 459 2931 N,
475 2859 581 2918 e‘aeriat
594 2858 635 2917 H.
678 2861 790 2934 capient
804 2861 902 2934 vulgo.

143 2963 190 3015 23.
212 2963 260 3016 25.
281 2960 320 3016 ae‘t
333 2959 371 3016 N.
393 2958 477 3015 Nova
490 2957 583 3032 elegia
595 2956 700 3032 insipit
709 2958 747 3029 N,
760 2957 838 3033 apud
845 2958 949 3016 Hertz.

104 3057 186 3115 xxiv.
215 3057 272 3116 Sed
280 3061 413 3133 apertum
421 3061 466 3114 est
475 3076 563 3114 unam
571 3055 693 3130 elegiam
704 3075 773 3127 esse,
786 3059 816 3113 et
830 3055 952 3114 scribam

105 3174 196 3230 quum
205 3156 343 3215 verbaTa
354 3155 470 3232 loqueris
478 3154 604 3213 nesciret
617 3154 708 3212 amieo
722 3154 810 3212 alieui
818 3153 950 3212 tribuen-

106 3254 211 3314 deesse
221 3255 409 3331 exprobranti
423 3254 573 3330 Propertio
581 3253 735 3311 dissimilia
745 3253 821 3311 diota
830 3272 908 3310 nuno
920 3259 951 3312 et

107 3352 174 3410 olim
198 3372 265 3412 oum
278 3353 422 3430 Cynthiae
448 3353 549 3412 laudes
569 3355 694 3424 caneret,
720 3350 839 3410 initium
859 3370 951 3409 novae

524 3469 540 3511 e
