2122 3728
158 217 194 270 32
371 205 590 266 PROPERTII
610 204 670 262 ΕΒ.
692 204 737 276 ΙΙ,
761 208 788 261 5.
847 259 855 271 ,

568 381 597 422 r.

71 542 75 548 .
157 489 224 548 Hoc
236 506 338 547 verum
352 487 405 557 est,
419 486 483 542 tota
495 486 526 542 te
538 481 619 556 ferri,
636 480 771 560 Cynthio,
787 437 893 553 Rome,⁸

198 588 238 647 nt
250 606 309 646 non
322 585 423 659 ignota
434 581 533 642 vivere
545 580 701 658 nequitia?

159 687 242 746 Haec
254 684 348 744 merui
362 681 497 759 sperare?
517 680 600 739 dabis
612 679 662 753 mi,
678 679 796 757 perfide,
812 698 934 756 poenas:

199 786 239 844 Et
251 782 334 842 nobis
347 782 414 854 clio
430 779 567 858 Cynthia,
582 782 689 838 ventus
702 777 767 837 erit.
809 795 816 804 ·

160 883 314 943 Inveniam
326 877 569 941 tomeuemultis
581 877 735 937 fallacibus
748 896 846 950 unam,
989 881 1004 932 5

200 983 281 1048 Quae
298 980 363 1039 fieri
375 982 474 1037 nostro
488 976 614 1035 carmine
626 979 698 1035 nota
709 975 791 1047 velit,

161 1082 191 1141 N
192 1100 224 1139 ec
236 1078 309 1138 mihi
321 1082 383 1137 tam
396 1076 477 1135 duris
489 1075 614 1133 insultet
626 1074 762 1146 moribus,
779 1078 810 1134 et
822 1079 854 1134 te

200 1177 344 1238 Vellicet:
366 1177 425 1235 heu
439 1194 501 1234 sero
513 1173 598 1232 flebis
611 1176 707 1232 emata
719 1171 780 1233 diu.

162 1278 192 1336 N
193 1296 250 1336 unc
264 1279 308 1335 est
320 1275 365 1334 ire
377 1292 487 1345 recens,
502 1291 581 1331 nuuc
595 1274 640 1331 est
653 1271 797 1330 discedere
810 1273 943 1346 tempus:

202 1375 234 1434 si
247 1375 329 1433 dolor
342 1372 478 1444 abluerit,
494 1371 587 1443 crede,
601 1369 709 1429 redibit
722 1388 810 1427 emor.
975 1370 1009 1424 10

163 1474 231 1533 Nou
244 1472 287 1532 ita
300 1470 472 1548 Carpathiae
485 1469 601 1529 variant
613 1468 811 1545 Aquilonibus
823 1468 928 1540 undae,

202 1572 232 1632 N
233 1591 265 1631 ec
278 1569 366 1629 dubio
379 1570 472 1628 nubes
484 1567 612 1626 vertitur
625 1570 689 1626 atro
702 1566 789 1638 Noto,

166 1671 261 1736 Quam
274 1667 361 1728 facile
374 1667 444 1726 irati
457 1667 547 1726 verbo
560 1668 715 1724 mutentur
727 1667 875 1724 amantes:

204 1769 283 1828 Dum
295 1756 375 1839 licet,
391 1765 500 1825 iniusto
514 1763 653 1823 subtrahe
666 1764 742 1822 colle
754 1763 833 1838 iugo.

165 1868 228 1928 Nec
240 1871 275 1927 tu
287 1887 347 1926 nou
360 1865 481 1943 aliquid,
498 1863 548 1923 sed
560 1863 656 1939 prima
668 1867 762 1937 nocte,
778 1862 906 1922 dolebis:
978 1866 1010 1919 15

206 1966 298 2025 Omne
311 1966 343 2024 in
357 1984 452 2024 amore
464 1964 584 2035 melum,
600 1962 625 2021 si
637 1961 757 2038 patiare,
773 1961 839 2021 leve
852 1965 906 2021 est·

165 2066 209 2124 At
220 2067 264 2136 tu,
280 2083 333 2142 per
346 2063 478 2122 dominae
492 2061 615 2121 Iunonis
628 2060 801 2119 dulcidium

205 2164 295 2222 Parce
307 2163 368 2222 tuis
381 2162 494 2233 animis,
509 2161 580 2232 vite,
595 2179 698 2219 nocere
710 2159 775 2219 tibi.

166 2261 234 2320 Non
247 2262 340 2320 solum
352 2265 456 2320 taurus
467 2259 539 2319 ferit
551 2259 634 2317 uncis
647 2258 782 2318 cornibus
793 2259 916 2329 hostem,

206 2359 317 2419 Verum
330 2358 419 2418 etium
432 2358 556 2417 instanti
568 2359 647 2416 laeso
658 2360 804 2434 repugnat
817 2356 888 2416 ovis.
978 2357 1013 2412 20

167 2459 231 2518 Nec
243 2457 299 2518 tibi
311 2457 428 2534 periuro
442 2457 570 2516 scindam
583 2457 619 2515 de
633 2475 749 2532 corpore
762 2458 879 2527 vestem,

207 2557 237 2616 N
238 2575 270 2615 ec
283 2575 346 2615 mea
359 2555 524 2632 praeclusos
535 2554 658 2630 fregerit
670 2555 714 2613 ira
725 2554 810 2626 fores,

168 2656 231 2715 Nec
244 2654 301 2715 tibi
314 2673 438 2713 conexos
450 2653 544 2713 iratus
558 2673 675 2730 carpere
689 2652 783 2712 crines

208 2754 238 2814 N
239 2773 271 2813 ec
284 2752 364 2811 duris
377 2752 470 2811 ausim
483 2753 596 2811 laedere
609 2752 773 2829 pollicibus.

169 2854 309 2914 Rusticus
321 2854 393 2912 boec
407 2852 514 2929 aliquis
526 2856 587 2911 tom
596 2852 696 2929 turpio
707 2851 817 2928 praelia
831 2854 961 2927 quaerat,
980 2854 1015 2908 25

210 2952 300 3011 Cuius
312 2970 372 3009 non
383 2950 507 3008 hederae
520 2949 659 3010 circuiere
672 2953 769 3026 caput.

171 3050 301 3110 Scribam
313 3048 413 3124 igitur,
429 3047 507 3124 quod
519 3066 579 3106 nou
592 3067 731 3125 umquem
743 3050 797 3106 tua
809 3046 906 3106 deleat
918 3049 1004 3120 cetos,

212 3155 231 3182 “
242 3147 370 3225 Cynthia
381 3146 475 3204 forme
487 3149 599 3222 potens,
615 3145 743 3224 Cynthia
756 3148 845 3205 verbu
857 3145 962 3205 levis.'’

172 3247 262 3306 (lrede
275 3245 356 3317 mihi,
372 3243 505 3320 quemvis
518 3247 684 3303 contemnes
697 3263 845 3303 murmure
857 3243 961 3316 famae,

198 3347 261 3407 Hic
278 3347 334 3408 tibi
344 3345 464 3427 pallori,
482 3344 624 3427 Cynthio,
638 3365 742 3406 uersus
756 3344 823 3403 erit.
984 3346 1022 3396 eb
