2122 3728
100 270 117 322 2
300 262 645 336 moriremur,
670 267 695 321 1.
718 268 746 320 2.

139 423 201 482 Nec
214 420 347 480 meminit
359 425 452 492 notos,
467 424 502 480 ut
514 419 605 497 prius,
620 419 663 480 ire
676 420 748 479 vias.

99 522 142 581 At
154 541 213 593 vos,
230 521 370 580 deductae
384 520 490 597 quibus
504 524 548 579 eet
560 519 678 579 fallacia
690 521 779 578 lunae

138 622 178 680 Et
190 619 448 694 laborinmagioie
462 639 542 677 sacra
553 620 635 695 piare
647 619 728 693 focis,
914 625 952 676 20

99 721 145 779 En
159 719 282 794 agedum
295 719 427 777 dominae
440 721 569 776 mentem
583 717 743 777 convertite
756 719 884 790 nostroe,

57 800 61 807 ’
138 820 178 878 Et
190 818 280 877 facite
292 818 345 876 illa
357 838 419 877 meo
431 819 542 895 palleat
555 838 604 877 ore
616 818 717 892 magio.

98 918 182 976 Tunc
195 937 248 991 ego
262 916 432 975 crediderim
444 917 526 976 vobis
539 924 571 976 et
583 917 678 976 sidera
691 920 722 976 et
734 936 834 976 amnes

138 1019 224 1076 Posse
239 1016 371 1094 Cytaines
384 1016 489 1074 ducere
504 1015 689 1074 carminibus.

99 1118 139 1175 Et
151 1136 211 1188 vos,
228 1115 281 1192 qui
294 1134 356 1174 sero
369 1115 484 1190 lapsum
496 1114 648 1186 revocatis,
665 1114 758 1186 amici,
914 1120 952 1171 25

138 1214 277 1280 Quaerite
289 1233 349 1272 non
362 1212 425 1272 sani
437 1212 563 1288 pectoris
576 1213 697 1273 auxffia.

97 1316 228 1375 Fortiter
241 1318 271 1373 et
282 1314 394 1373 ferrum
407 1332 506 1373 saevos
518 1312 665 1389 patiemur
678 1317 709 1373 et
721 1314 814 1389 igneo,

138 1415 184 1474 Sit
196 1414 280 1473 modo
293 1413 421 1485 libe1tos,
438 1431 512 1490 quae
525 1412 600 1471 velit
612 1412 665 1486 ira,
680 1413 774 1490 loqui.

98 1515 186 1573 Ferte
198 1533 252 1589 per
265 1515 410 1571 extremas
424 1514 534 1585 gentes,
551 1514 582 1570 et
594 1511 669 1570 ferte
681 1531 735 1587 per
747 1512 852 1584 undas,

139 1613 205 1678 Quo
216 1631 276 1670 non
288 1611 351 1669 ulla
363 1626 465 1668 meum
473 1608 583 1668 femina
595 1610 675 1669 norit
686 1610 752 1668 iter.
915 1615 951 1668 30

99 1712 158 1770 Vos
170 1712 327 1781 remanete,
344 1709 451 1785 quibus
463 1707 544 1767 facili
557 1709 638 1767 Deus
651 1709 756 1768 annuit
770 1728 850 1782 oure,

140 1810 211 1870 Sitis
225 1813 256 1868 et
268 1809 301 1866 in
313 1811 379 1867 tuto
393 1826 505 1883 semper
519 1827 615 1867 amore
627 1826 721 1884 pares,

101 1915 138 1972 In
151 1933 198 1971 me
210 1914 310 1969 nostra
322 1909 423 1968 Venus
435 1910 535 1967 noctes
549 1912 666 1968 exercet
679 1929 800 1983 amarae,

139 2013 179 2070 Et
191 2010 275 2069 nullo
286 2028 397 2068 vacuus
409 2010 538 2082 tempore
551 2007 623 2066 defit
636 2027 725 2067 amor.

100 2111 174 2182 Hoc,
186 2127 297 2180 moneo,
307 2107 400 2166 vitate
409 2106 534 2165 malum:
550 2125 603 2164 suc
611 2125 756 2183 quemque
763 2109 897 2167 moretur
917 2111 952 2164 35

141 2210 225 2280 Oura,
241 2226 336 2283 neque
350 2208 465 2264 assueto
478 2207 574 2264 mutet
587 2224 682 2285 amore
694 2206 804 2265 locum.

101 2307 186 2373 Quod
199 2307 224 2366 si
237 2306 303 2384 quis
315 2305 435 2364 monitio
448 2305 545 2363 tardae
558 2303 717 2363 adverterit
730 2323 825 2377 aures,

139 2407 209 2466 Heu
221 2405 330 2465 referet
343 2405 454 2487 quanto
467 2403 556 2462 verba
569 2403 667 2462 dolore
679 2401 763 2462 mea!

507 2602 544 2643 11.

101 2705 180 2771 Quid
192 2705 276 2763 iuvat
289 2704 390 2762 omoto
403 2703 565 2779 procedere,
581 2701 652 2774 vite,
668 2700 774 2778 capillo

140 2805 180 2862 Et
192 2806 297 2861 tenues
311 2801 369 2860 Coa
381 2803 462 2861 veste
475 2819 590 2859 movere
604 2799 706 2859 sinuo?

101 2904 165 2961 Aut
179 2901 250 2980 quid
264 2901 390 2959 Orontea
403 2898 497 2959 crines
508 2898 684 2975 perfundere
696 2917 797 2958 murra

140 3000 240 3076 Teque
252 2998 414 3075 peregrinio
426 2998 551 3057 vendere
564 2997 758 3057 muneribus?

36 3132 38 3136 ι
99 3097 290 3174 Naturaeque
302 3097 390 3156 decue
402 3099 530 3175 mercato
542 3097 662 3173 perdere
676 3096 769 3170 cultu,
940 3107 957 3159 5

139 3196 202 3255 Nec
215 3195 309 3255 sinere
321 3194 354 3254 in
365 3194 490 3272 propriis
502 3197 631 3255 membro
642 3193 736 3254 nitere
749 3195 861 3257 bonis?

101 3294 191 3354 crede
203 3293 286 3367 mihi,
301 3313 360 3354 non
373 3294 437 3353 ullo
448 3296 547 3354 tuaest
558 3294 703 3355 medicina
715 3293 847 3369 figurae:

139 3391 245 3452 Nudus
257 3393 348 3453 Amor
360 3392 470 3453 formae
483 3412 543 3452 non
556 3397 634 3454 emat
646 3391 798 3454 artificem.
831 3472 834 3479 Ι
