2122 3728
277 222 495 283 PROPERTII
516 223 576 280 ΕΙ.
599 223 661 294 ΙΙΙ,
687 226 714 279 9.
886 226 921 278 85

110 382 150 440 Et
162 402 294 458 pressum
306 381 416 439 inflexo
430 400 499 439 mox
512 381 581 438 dare
595 383 679 454 terga
692 398 779 453 genu.

72 482 176 541 Omnia
187 502 248 540 non
259 482 371 558 pariter
383 501 481 539 rerum
495 483 565 539 sunt
579 479 713 538 omnibus
728 481 805 554 apta,

110 581 200 639 Fama
212 600 267 639 nec
282 600 319 638 ex
333 599 425 656 aequo
439 578 558 637 ducitur
571 579 634 636 ulla
646 579 728 636 ciris.

72 679 171 739 Gloria
184 679 313 756 Lysippo
327 682 371 737 est
386 678 514 737 animosa
528 679 663 752 effingere
678 677 769 752 signa,

112 777 232 836 Exactis
246 777 372 835 Calamis
386 797 416 835 se
429 777 503 834 mihi
515 776 607 835 iactat
621 775 712 853 equis,
890 782 925 833 10

73 877 111 934 In
124 876 247 935 Veneris
260 877 362 934 tabula
376 895 517 934 summam
531 875 587 934 sibi
600 875 693 951 poscit
706 874 835 951 Apelles,

112 977 284 1035 Parrhasius
297 997 388 1052 parva
401 976 532 1035 vindicat
546 982 608 1035 arte
621 977 727 1049 locum,

73 1075 256 1150 Argumenta
269 1075 361 1149 magis
375 1078 444 1134 sunt
457 1075 600 1134 Mentoris
614 1076 710 1134 abdita
722 1075 808 1147 lama,

113 1175 154 1231 At
167 1174 251 1249 Myos
265 1174 404 1248 exiguum
416 1174 511 1233 flectit
522 1175 664 1232 acanthus
677 1175 743 1247 iter,

74 1272 229 1331 Phidiacus
244 1273 326 1348 signo
340 1293 370 1331 se
384 1273 520 1349 Iuppiter
534 1276 619 1331 ornat
633 1275 750 1346 eburno,
891 1277 925 1330 15

114 1371 285 1430 Praxitelen
298 1371 415 1448 propria
427 1371 557 1430 vindicat
570 1374 642 1431 urbe
655 1372 738 1448 lapis.

74 1470 129 1528 Est
143 1468 249 1545 quibus
263 1469 351 1527 Eleae
366 1469 513 1528 concurrit
525 1471 622 1546 palma
635 1471 801 1547 quadrigae,

115 1567 169 1626 Est
183 1567 290 1644 quibus
302 1568 335 1626 in
348 1569 456 1627 celeres
469 1568 562 1644 gloria
574 1573 644 1627 nata
656 1570 753 1645 pedes.

75 1666 134 1724 Hic
148 1671 228 1724 satus
241 1666 278 1724 ad
291 1686 399 1742 pacem,
415 1667 464 1726 hic
478 1667 672 1728 castrensibus
686 1667 770 1726 utilis
784 1667 881 1727 armis.

115 1764 246 1823 Naturae
260 1765 407 1842 sequimur
420 1765 529 1825 semina
543 1768 668 1844 quicque
682 1786 760 1825 suae.
890 1771 927 1823 20

76 1865 119 1923 At
131 1869 192 1936 tua,
208 1865 370 1938 Maecenas,
386 1866 465 1940 vitae
478 1871 633 1944 praecepta
646 1867 751 1943 recepi,

117 1963 209 2037 Cogor
223 1966 253 2022 et
267 1964 409 2039 exemplis
421 1968 451 2023 tc
465 1985 601 2041 superare
614 1966 683 2024 tuis.

77 2061 151 2120 Cum
164 2061 221 2121 tibi
234 2063 364 2120 Romano
377 2064 507 2122 dominas
520 2065 553 2122 in
565 2065 674 2123 honore
688 2083 802 2124 secrues

117 2161 157 2218 Et
169 2159 259 2219 liceat
270 2161 364 2220 medic
378 2182 485 2238 ponere
497 2163 563 2222 iura
575 2163 647 2236 loro,

78 2258 135 2317 Vel
148 2258 204 2318 tibi
216 2260 369 2318 Medorum
381 2281 528 2337 pugnaces
540 2261 583 2320 irc
596 2282 649 2338 per
661 2263 768 2335 hostes,
892 2267 928 2319 25

118 2357 219 2434 Atque
231 2378 351 2417 onerare
364 2363 447 2418 tuam
460 2361 522 2418 fixa
534 2379 587 2437 per
600 2381 679 2419 arma
692 2362 818 2434 domum,

79 2455 121 2514 Et
132 2456 188 2514 tibi
201 2456 237 2514 ed
250 2457 389 2516 affectum
401 2459 478 2517 vires
491 2459 542 2518 det
554 2459 667 2531 Caesar,
683 2465 713 2518 et
726 2459 805 2518 omni

119 2554 259 2632 Tempore
272 2560 333 2615 tam
345 2557 447 2616 faciles
459 2557 647 2618 insinuentur
660 2579 737 2634 opes,

79 2655 186 2728 Parcis,
204 2656 278 2714 etin
291 2660 395 2716 tenues
408 2658 550 2716 humilem
562 2662 593 2717 te
607 2659 721 2732 colligis
733 2660 860 2731 umbras,

120 2753 260 2814 Velorum
272 2755 375 2832 plenos
388 2757 535 2815 subtrahis
547 2757 610 2832 ipse
623 2756 713 2816 sinus.
895 2764 932 2814 30

81 2858 172 2916 Crede
184 2855 267 2926 mihi,
283 2873 402 2929 magnos
416 2857 584 2932 aequabunt
597 2855 655 2913 ista
669 2855 805 2914 Camillos

120 2955 244 3027 Iudicia,
261 2959 291 3013 et
304 2953 403 3012 venies
415 2957 450 3012 tu
464 2973 581 3030 quoque
594 2954 627 3010 in
640 2973 690 3011 ora
702 2955 808 3026 virum,

82 3053 212 3114 Caesaris
225 3057 256 3112 et
267 3054 362 3111 famae
375 3052 499 3127 vestigia
511 3052 613 3110 iuncta
625 3051 755 3110 tenebis:

122 3122 283 3234 Mosscenatis
296 3155 383 3211 erunt
395 3173 465 3211 vera
477 3156 595 3228 tropaea
608 3152 689 3210 fides·

82 3251 149 3311 Noa
162 3271 207 3328 eqo
219 3251 335 3327 ccliscra
349 3252 483 3309 tumidam
496 3270 571 3310 marc
576 3251 657 3326 fiodo
670 3251 788 3308 calca:
896 3255 933 3306 35

123 3351 199 3411 Tuta
212 3352 266 3410 sub
281 3349 387 3426 exiguo
400 3350 522 3410 flumine
535 3353 636 3409 nostra
648 3369 729 3408 mora
742 3353 795 3410 est.
