2166 3736
112 231 149 288 76
308 192 618 292 recreamini.
640 233 703 305 111,
727 237 754 290 a.

152 387 294 448 Carminis
307 390 390 448 heroi
402 393 523 465 tangere
536 390 623 450 iussit
637 389 734 466 opus?

111 487 141 545 N
142 507 179 545 on
191 487 240 545 hic
253 489 315 547 ulla
328 489 384 548 tibi
398 490 539 565 speranda
553 494 597 548 est
609 490 696 561 fama,
712 488 866 565 Properti:

151 586 255 644 Mollia
268 590 338 645 sunt
351 588 448 663 parvis
462 592 547 664 prata
559 589 681 647 terenda
693 588 774 659 robis,

112 684 154 743 Ut
167 688 238 743 tuus
251 685 282 742 in
297 705 411 744 scamno
425 685 552 745 iactetur
565 707 649 763 saepe
662 688 790 758 libellus,

152 781 246 847 Quem
258 783 339 857 leget
352 788 510 860 expectans
524 787 585 844 sola
597 786 697 861 puella
710 784 815 843 virum.
926 789 964 841 20

113 880 173 939 Gur
186 885 238 939 tua
250 882 429 958 praescripta
443 885 562 942 devecta
575 887 619 942 θεῖ
632 883 740 960 pagina
753 882 849 960 gyro?

152 980 181 1037 N
183 999 220 1038 on
233 984 277 1039 θεῖ
290 981 402 1056 ingenii
416 984 519 1059 cymba
533 982 681 1056 gravanda
694 982 749 1040 tui.

113 1079 199 1137 Alter
212 1099 309 1138 remus
323 1101 422 1157 aquas,
439 1083 515 1140 aiter
527 1081 583 1139 tibi
596 1081 681 1139 radet
693 1081 836 1138 harenas:

153 1178 248 1236 Tutus
262 1179 337 1237 eris:
360 1179 453 1237 medio
467 1178 595 1237 maxima
608 1181 695 1238 turba
707 1178 781 1236 mari
795 1175 870 1236 θεῖ.”

114 1277 247 1349 Dixerat,
264 1280 294 1336 θῖ
307 1279 418 1353 plectro
433 1279 529 1336 sedem
542 1277 615 1336 mihi
628 1280 770 1336 monstrat
784 1278 903 1348 eburno,
927 1281 965 1334 25

155 1376 218 1439 Quo
232 1396 307 1434 nova
321 1396 450 1434 muscoso
466 1376 568 1434 semita
581 1376 660 1435 iacta
673 1377 733 1435 solo
748 1380 801 1434 θεῖ.

114 1475 173 1535 Hic
187 1478 250 1534 erat
263 1474 367 1534 adfixis
380 1475 481 1534 viridis
496 1476 635 1552 spelunca
647 1475 766 1552 lapillis,

154 1574 383 1650 Pendebantque
398 1573 476 1633 cavis
490 1579 631 1651 tympana
644 1574 818 1650 pumicibus.

115 1672 193 1746 Ergo
206 1671 358 1730 Musarum
372 1677 402 1731 θῖ
416 1673 510 1731 Sileni
522 1673 614 1750 patris
627 1674 722 1748 imago

155 1770 278 1842 Fictilis,
295 1773 325 1829 θῖ
338 1770 450 1843 calami,
466 1772 529 1829 Pan
543 1772 680 1846 Tegeaee,
695 1771 750 1844 tui,
929 1777 967 1829 30

116 1869 156 1926 Εῖ
168 1869 292 1928 Veneris
304 1870 437 1930 dominae
450 1872 591 1943 volucres,
607 1890 671 1928 mea
683 1871 779 1942 turba,
796 1869 947 1929 columbae

156 1966 288 2042 Tingunt
300 1969 451 2043 Gorgoneo
464 1969 572 2045 punica
584 1972 680 2028 rostra
691 1969 767 2040 lacn,

117 2065 297 2143 Diverseque
310 2087 414 2126 novem
429 2069 548 2126 sortitae
562 2069 628 2126 iura
641 2068 757 2144 pueHae

156 2166 304 2224 Exercent
316 2169 431 2225 teneras
444 2166 476 2225 in
491 2187 543 2224 sua
556 2167 631 2225 dona
643 2186 755 2224 manus.

117 2264 199 2322 Haec
208 2265 329 2324 hederas
338 2266 412 2340 legit
421 2265 453 2324 in
463 2267 588 2343 thyrsos,
599 2266 670 2324 haec
681 2263 808 2322 carmina
817 2264 915 2324 nervis
930 2270 968 2322 35

156 2362 257 2437 Αρῖθῖ,
274 2366 305 2422 ab
318 2362 371 2421 illa
383 2384 472 2422 manu
485 2365 564 2422 texit
576 2366 702 2439 utraque
715 2381 818 2420 rosam.

118 2460 143 2517 E
158 2480 281 2536 quarum
294 2481 416 2520 numero
428 2481 474 2520 me
489 2460 613 2535 contigit
625 2479 685 2518 una
698 2460 818 2518 dearum
830 2481 837 2519 :

156 2558 199 2617 Ut
211 2578 276 2617 reor
289 2578 306 2617 a
318 2559 402 2632 facie,
419 2560 567 2636 Calliopea
578 2559 638 2617 fuit
650 2579 657 2616 :

120 2662 140 2690 “
150 2657 312 2716 Contentus
325 2658 418 2718 niveis
432 2679 544 2735 semper
556 2660 709 2717 vectabere
723 2657 831 2736 cycnis,

158 2755 262 2814 Necte
275 2756 361 2815 sorbis
374 2756 443 2833 equi
456 2758 544 2816 ducet
556 2758 592 2816 ad
606 2775 685 2815 arma
699 2777 811 2825 sonus..
930 2761 968 2813 40

118 2853 148 2910 N
149 2852 172 2910 il
184 2853 240 2911 tibi
254 2853 293 2912 sit
305 2874 392 2914 rauco
406 2855 558 2930 praeconia
571 2853 690 2913 classica
704 2874 793 2913 cornu

158 2951 253 3023 Flere,
269 2972 323 3010 nec
337 2953 465 3011 Aonium
477 2952 612 3027 tinguere
625 2952 722 3011 Marte
735 2972 848 3023 nemus,

119 3052 183 3109 Aut
196 3051 303 3127 quibus
316 3052 349 3110 in
362 3053 470 3128 campis
483 3053 615 3111 Mariano
629 3052 739 3128 praelia
754 3052 836 3126 signo

160 3150 246 3208 Stant
260 3153 290 3209 θῖ
303 3151 476 3209 Teutonicas
489 3152 581 3209 Roma
594 3151 738 3224 refringat
751 3169 827 3225 opes,

119 3248 265 3306 Barbarus
278 3253 330 3308 aut
344 3250 436 3309 Saevo
450 3249 586 3325 perfusus
600 3248 741 3323 sanguine
755 3249 877 3307 Rhenus
930 3252 969 3320 45

154 3345 263 3408 Saucia
274 3348 419 3409 maerenti
432 3368 552 3428 corpora
562 3351 662 3408 εθθῖθῖ
673 3366 759 3424 aqua.
