2122 3728
343 803 705 880 PRAEFATIO.

450 1033 596 1067 -4—
689 1072 693 1086 ι

99 1218 139 1275 Iu
159 1218 215 1276 hac
232 1216 360 1276 editione
379 1216 538 1291 elegiarum
560 1214 705 1291 Propertii
725 1214 851 1273 codicem
870 1215 949 1273 Nm·

99 1334 265 1374 ronmnrun
277 1315 321 1374 ita
334 1318 452 1374 secutus
465 1334 530 1373 sum
542 1317 578 1373 ut
591 1314 715 1373 aliorum
727 1314 870 1372 librorum
883 1316 950 1374 sub-

100 1415 286 1475 sidiainloco
296 1418 355 1474 non
364 1414 531 1491 spreverim.
566 1413 722 1473 Namlicet
730 1433 830 1472 omnes
840 1414 951 1473 codices

100 1514 283 1591 Propertiani
297 1513 334 1572 ad
346 1533 440 1572 unum
460 1515 490 1571 et
504 1513 628 1571 eundem
646 1513 839 1590 archetypum
860 1513 951 1589 respi-

101 1613 188 1684 ciant,
203 1632 256 1688 per
274 1613 360 1688 plura
380 1615 480 1670 tamen
500 1611 666 1686 apographa
686 1611 723 1668 ab
745 1630 779 1668 eo
805 1605 951 1687 descripta

99 1711 190 1770 libros
206 1711 259 1788 qui
274 1711 360 1770 hodie
374 1713 477 1770 extant
491 1711 528 1768 ad
542 1729 595 1768 nos
608 1709 759 1767 devenisse
776 1709 951 1767 credendum

100 1813 154 1869 est.
195 1810 421 1887 Neapolitanum
440 1829 509 1867 vero
527 1808 663 1880 codicem,
686 1809 739 1886 qui
755 1808 952 1885 principatum

90 1907 215 1967 ‘obtinet
232 1908 311 1967 inter
331 1908 421 1968 libros
441 1906 655 1984 Propertianos,
670 1907 733 1984 ipse
753 1908 866 1966 contuli
885 1926 952 1966 cum

101 2006 228 2066 editione
251 2006 441 2081 Hedzbergii
465 2025 541 2064 anno
567 2005 652 2078 1878,
678 2005 875 2082 Guelferbyti,
900 2005 952 2064 ubi

101 2106 265 2166 custoditur
277 2105 309 2164 in
321 2105 499 2165 bibliotheca
506 2105 604 2164 ducali
617 2105 695 2164 inter
704 2105 794 2165 libros
804 2105 953 2165 Gudianos

101 2206 139 2264 N.
155 2210 224 2264 224.
264 2205 309 2264 De
323 2208 418 2264 aetate
431 2203 537 2264 codicis
551 2203 726 2279 ambigitur:
748 2204 954 2263 Lachmannus

102 2306 217 2363 saeculo
225 2304 300 2375 xiii,
312 2303 460 2362 Lucienus
470 2303 632 2361 Muellerus
646 2304 760 2362 saeculo
770 2303 832 2361 xiv.
843 2303 893 2361 vel
901 2323 952 2361 xv.

103 2404 245 2480 scriptum
256 2403 348 2462 fuisse
360 2405 494 2478 putabat.
526 2402 571 2460 De
585 2402 682 2460 indole
696 2405 727 2461 et
739 2402 833 2479 pretio
848 2401 954 2460 codicis

103 2521 161 2578 quo
173 2500 292 2560 facilius
304 2501 448 2560 iudicaret
460 2501 561 2570 lector,
576 2500 685 2559 litteris
698 2500 812 2559 Italicis
825 2500 953 2576 plerum·

104 2621 161 2678 que
179 2601 280 2677 scripsi
294 2601 318 2659 si
333 2601 405 2678 quid
416 2601 450 2659 in
463 2601 560 2660 codice
573 2601 711 2659 omissum
731 2604 815 2675 esset,
830 2600 889 2658 nisi
902 2620 955 2677 per

103 2719 222 2776 pravam
235 2700 472 2777 orthographiam
485 2699 534 2758 vel
547 2699 608 2758 levi
620 2700 705 2776 lapsu
718 2700 773 2758 hoc
792 2698 951 2757 accidisset.

105 2799 189 2863 Quod
202 2799 239 2857 ad
252 2798 487 2875 orthographiam
508 2799 617 2858 attinet
630 2798 856 2875 Neapolitanum
872 2817 952 2856 secu-

104 2900 153 2956 tus
166 2918 232 2956 sum
244 2898 422 2975 ubicumque
435 2897 536 2974 potui:
553 2897 682 2974 exempli
692 2898 786 2972 gratia
799 2897 830 2954 in
844 2895 954 2954 assimi-

105 2995 199 3065 landis
223 2995 486 3072 praepositionibus
512 3015 579 3054 oum
603 2995 699 3054 codice
722 2994 872 3054 mutabilis
899 2993 953 3064 fui,

107 3094 212 3171 scripto
232 3098 262 3154 et
280 3095 420 3171 improbas
434 3098 465 3154 et
476 3095 617 3170 conprobata,
638 3094 737 3153 collata
751 3097 781 3153 et
795 3093 909 3166 coemto,
926 3094 957 3150 et

107 3191 258 3252 similibus.
299 3195 356 3253 Per
374 3195 576 3270 compendium
593 3193 820 3270 praepositiones
834 3192 956 3267 scriptas

106 3292 277 3369 plerumque
304 3293 470 3352 assimilavi.
513 3294 587 3351 Cum
615 3292 711 3350 codice
738 3291 855 3350 serrari
881 3290 964 3355 tout,

518 3394 548 3453 b.
