2122 3728
144 240 199 293 102
307 232 526 292 PROPERTII
547 231 607 290 ΕΒ.
622 232 686 303 ΙΠ,
710 236 760 291 20.
782 237 832 292 21.

179 390 382 469 Pollueritque
395 410 471 450 novo
487 409 567 449 sacra
579 389 685 449 marita
697 393 773 463 toro,

141 491 195 550 Illi
208 490 268 550 sint
281 490 459 568 quicumque
474 489 568 548 solent
581 489 614 546 in
627 507 725 547 amore
737 489 865 562 dolores,

179 592 221 650 Et
234 593 324 666 caput
337 592 457 664 argutae
470 589 609 665 praebeat
620 586 772 660 historiae,
799 642 803 651 .

141 689 204 748 Nec
217 689 302 748 flenti
315 687 448 746 dominae
460 686 603 763 patefiant
615 689 701 744 nocte
713 685 874 760 fenestrae,

181 788 302 864 Semper
315 789 400 859 amet,
416 780 519 844 fructu
531 803 643 860 semper
656 784 763 843 amoris
777 804 878 860 egens.
962 789 994 842 30

536 982 599 1020 ΧΧΙ.

143 1086 285 1158 Magnum
298 1083 356 1142 iter
369 1083 406 1142 ad
418 1084 517 1141 doctas
529 1080 672 1159 proficisci
686 1101 773 1157 cogor
786 1083 931 1155 Athenas,

183 1183 226 1241 Ut
238 1202 284 1241 me
297 1182 386 1256 longa
399 1180 482 1256 gravi
496 1181 591 1239 solvat
604 1199 699 1238 amore
712 1179 772 1240 via.

144 1279 256 1339 Crescit
269 1279 347 1338 enim
360 1278 475 1338 assidue
489 1278 642 1355 spectando
656 1297 726 1336 cura
739 1279 877 1354 puellae:

182 1379 253 1454 Ipse
267 1378 406 1437 alimenta
419 1377 475 1435 sibi
488 1377 616 1435 maxima
628 1378 750 1453 praebet
762 1379 866 1437 Amor.

143 1477 248 1536 Omnia
261 1480 330 1536 sunt
343 1479 488 1552 temptata
500 1475 582 1549 mihi,
599 1495 784 1553 quacumque
798 1476 901 1552 fugari
978 1481 993 1533 5

181 1574 294 1634 Possit:
317 1578 348 1634 at
362 1595 400 1634 ex
414 1575 492 1633 omni
505 1595 552 1634 me
565 1575 673 1650 premit
685 1575 750 1652 ipse
763 1577 847 1635 deus.

142 1675 204 1734 Vix
217 1678 315 1733 tamen
329 1677 381 1733 aut
395 1675 483 1733 semel
497 1674 636 1747 admittit,
652 1694 720 1733 cum
733 1695 821 1751 saepe
834 1675 967 1751 negarit:

184 1773 242 1832 Seu
256 1772 346 1846 venit,
364 1775 494 1831 extremo
508 1773 616 1831 dormit
630 1773 734 1831 amicta
747 1777 823 1832 toro.

18 1922 33 1939 .
144 1873 243 1932 Unum
257 1871 314 1930 erit
327 1871 491 1930 auxilium:
513 1871 634 1930 mutatis
649 1871 779 1948 Cynthia
791 1873 882 1932 terris

185 1970 335 2035 Quantum
350 1968 450 2041 oculis,
467 1969 562 2027 animo
576 1973 637 2028 tam
649 1971 753 2046 procul
765 1971 824 2030 ibit
838 1991 927 2030 amor.
964 1974 995 2028 10

144 2069 231 2128 Nunc
246 2069 332 2143 agite,
349 2088 365 2126 ο
380 2068 458 2139 socii,
474 2069 629 2144 propellite
642 2068 674 2127 in
688 2089 816 2145 aequora
829 2090 944 2142 navem,

182 2169 400 2244 Remorumque
412 2188 496 2244 pares
510 2168 609 2226 ducite
623 2170 700 2225 sorte
713 2168 802 2241 vices,

144 2267 324 2343 Iungiteque
339 2269 467 2325 extremo
481 2266 580 2325 felicia
592 2266 684 2325 lintea
697 2267 792 2326 malo:

183 2366 248 2423 Iam
262 2365 409 2441 liquidum
421 2365 520 2424 nautis
534 2385 605 2423 aura
620 2366 759 2424 secundat
772 2365 841 2425 iter.

144 2464 292 2522 Romanae
305 2467 402 2522 turres
416 2466 447 2522 et
459 2483 511 2522 vos
524 2463 647 2522 valeatis
661 2464 754 2536 amici,
965 2469 996 2522 15

186 2561 414 2638 Qualiscumque
427 2561 500 2620 mihi
512 2565 606 2639 tuque
619 2563 719 2638 puella
731 2563 808 2621 vale.

144 2661 222 2734 Ergo
237 2679 289 2735 ego
302 2679 381 2744 nunc
394 2660 476 2718 rudis
489 2660 608 2718 Adriaci
621 2662 711 2720 vehar
723 2661 861 2737 aequoris
873 2663 985 2739 hospes,

185 2759 277 2833 (logar
291 2762 321 2818 et
333 2758 490 2818 undisonos
503 2779 582 2818 nunc
595 2779 679 2835 prece
694 2759 771 2817 adire
786 2760 867 2819 deos.

143 2857 257 2916 Deinde
269 2877 322 2933 per
335 2857 453 2915 Ionium
466 2861 577 2929 vectus,
594 2877 660 2915 cum
672 2857 750 2915 fessa
762 2857 897 2918 Lechaeo

185 2957 300 3016 Sedan't
312 2956 427 3034 placida
439 2958 505 3016 vela
518 2958 655 3033 phaselus
668 2976 753 3033 aqua,
963 2963 998 3016 20

144 3055 228 3120 Quod
242 3059 373 3132 superest
387 3055 516 3128 sufferre,
531 3056 619 3132 pedes
632 3075 789 3132 properare
803 3056 945 3127 laborem,
962 3102 966 3110 .

183 3155 311 3214 Isthmos
325 3154 482 3232 quaternis
496 3157 576 3212 arcet
589 3157 748 3230 utrumque
761 3174 851 3213 mare.

145 3251 219 3310 Inde
232 3252 284 3311 ubi
297 3252 394 3312 Piraei
408 3252 524 3328 capient
538 3271 584 3310 me
597 3251 685 3310 litora
697 3255 809 3327 portus,

73 3432 77 3435 ι
185 3350 326 3410 Scandam
341 3371 393 3428 ego
407 3351 534 3411 Theseae
547 3349 664 3410 brechia
677 3350 765 3426 longa
778 3351 853 3411 riae.
