2122 3728
157 245 192 302 72
359 243 579 302 PROPERTII
599 242 659 302 EL.
681 243 726 316 11,
750 248 798 302 34.

195 400 259 466 Quo
273 419 355 476 seges
368 401 401 459 in
414 420 523 477 campo,
540 420 599 478 quo
612 400 690 461 viret
701 421 761 460 uva
773 401 854 476 iugo.

155 499 225 558 Tale
238 499 310 558 facis
324 519 448 573 carmen,
464 501 550 560 docta
563 501 711 560 testudine
725 502 812 578 quale

195 597 341 675 Cynthius
354 598 490 675 inpositis
503 603 648 676 temperat
661 599 804 658 articulis.
968 601 1000 655 80

155 695 223 754 Non
235 699 334 754 tamen
347 699 418 756 haec
431 686 488 757 ulli
501 698 621 757 venient
633 699 750 773 ingrata
762 697 884 774 legenti,

195 795 263 855 Sive
275 795 309 853 in
322 815 417 855 amore
430 796 512 855 rudis
525 796 586 856 sive
599 796 712 873 pesitus
725 795 790 856 erit.

155 894 185 951 N
185 913 217 952 ec
229 893 325 952 minor
337 895 384 953 his
397 895 487 967 audis,
503 899 556 954 aut
570 895 609 955 sic
621 896 713 954 minor
726 915 771 954 ore
785 914 901 954 caumas

194 992 313 1051 Anseris
325 992 443 1051 indocto
457 993 583 1053 carmine
597 993 684 1053 cessit
698 995 769 1052 olor.

156 1091 238 1149 Haec
252 1110 369 1168 quoque
382 1091 512 1167 perfecto
525 1092 646 1151 ludebat
659 1093 764 1151 Iasone
777 1093 880 1165 Varro,
970 1095 1003 1148 85

195 1191 288 1248 Varro
301 1189 463 1248 Leucadiae
476 1190 606 1249 maxima
618 1191 734 1248 flamma
748 1210 825 1249 suae.

156 1288 237 1347 Haec
252 1308 368 1365 quoque
381 1288 483 1348 lascivi
497 1292 652 1348 cantarunt
665 1289 774 1366 scripta
788 1288 908 1362 Catulli,

196 1387 301 1446 Lesbia
314 1386 381 1464 quis
393 1386 457 1463 ipsa
469 1388 566 1446 notior
580 1392 625 1448 est
637 1389 761 1448 Helena.

156 1487 238 1545 Haec
253 1485 341 1545 etiam
354 1486 433 1545 docti
447 1487 577 1545 confessa
591 1490 635 1546 est
648 1488 755 1564 pagina
769 1487 862 1560 Calvi,

197 1584 270 1644 (lum
285 1588 402 1645 caneret
415 1584 535 1645 miserae
548 1586 653 1646 ismara
667 1585 839 1652 Quintiliae.
972 1589 1007 1642 90

158 1685 198 1742 Et
210 1683 294 1742 modo
306 1683 432 1742 formosa
445 1704 534 1761 quam
546 1686 641 1745 multa
654 1683 796 1761 Lycoride
811 1684 916 1744 Gallus

197 1783 332 1841 Mortuus
345 1782 460 1841 inferna
472 1783 597 1843 uulnera
608 1784 683 1842 lavit
696 1782 790 1860 aqua!

159 1882 287 1958 Cynthia
300 1880 373 1958 quin
387 1881 475 1940 etiam
488 1901 574 1940 versu
587 1882 707 1940 laudata
719 1881 863 1959 Properti,

198 1980 261 2038 Hos
273 1979 352 2040 inter
366 1979 390 2038 si
403 2000 449 2039 me
462 1999 569 2056 ponere
582 1979 673 2039 Fama
686 1981 774 2041 volet.
