2122 3728
296 251 512 310 PROPERTII
533 251 592 308 EL.
608 251 662 322 IV,
686 257 713 307 6.
876 252 930 306 123

117 409 282 467 Nautarum
295 409 372 468 votis
385 429 444 467 non
458 429 577 484 operosa
589 409 646 467 via.

78 507 145 565 Huc
158 508 262 565 mundi
277 508 370 566 coiere
383 528 505 566 manus:
529 507 612 565 stetit
625 526 750 583 aequore
763 505 852 563 moles

116 607 225 666 Pinea:
250 626 304 664 nec
318 606 407 664 remis
421 627 516 683 aequa
527 607 646 665 favebat
659 606 730 663 avis.
894 607 931 659 20

77 705 180 763 Altera
194 705 293 765 classis
307 709 370 763 erat
384 706 495 763 Teucro
509 706 646 763 damnata
660 703 792 775 Quirine,

116 803 239 880 Pilaque
253 803 394 862 femineae
408 804 536 880 turpiter
550 808 619 879 apta
631 823 739 861 manu:

78 902 156 960 Hine
170 905 306 977 Augusta
318 903 391 961 ratis
404 903 498 978 plenis
512 903 592 961 Iovis
606 903 701 961 omine
715 901 796 972 velis,

117 1002 265 1079 Signaque
278 1003 336 1060 iam
350 1002 461 1078 patriae
475 1002 591 1060 vincere
605 1003 689 1060 docta
703 1021 781 1059 suae.

78 1100 206 1159 Tandem
220 1102 296 1159 acies
311 1101 441 1175 geminos
455 1101 484 1159 N
486 1121 563 1159 ereas
577 1102 694 1159 lunarat
707 1100 739 1157 in
753 1118 845 1169 arcus,
892 1101 929 1152 25

115 1202 271 1257 Armorum
286 1203 316 1258 et
328 1200 417 1258 radiis
431 1199 511 1276 picta
523 1201 667 1258 tremebat
681 1219 765 1275 aqua,

78 1298 150 1356 Cum
164 1300 299 1358 Phoebus
312 1299 450 1375 linquens
464 1304 589 1357 stantem
604 1318 633 1356 se
648 1297 762 1356 vindice
776 1296 872 1354 Delon

115 1399 232 1457 -Nam
245 1399 318 1457 tulit
331 1397 420 1457 iratos
433 1398 550 1457 mobilis
563 1418 623 1456 una
636 1398 665 1455 N
667 1400 770 1455 otos-

76 1497 183 1556 Astitit
195 1497 326 1572 Augusti
338 1497 462 1574 puppim
475 1518 570 1574 super,
587 1501 617 1556 et
630 1515 706 1553 nova
719 1495 835 1552 flamma

114 1596 209 1654 Luxit
221 1596 254 1653 in
267 1597 416 1672 obliquam
429 1600 475 1655 ter
488 1595 604 1654 sinuata
616 1595 718 1652 facem.
893 1595 929 1648 30

77 1693 144 1752 Non
157 1695 208 1753 ille
222 1695 364 1754 attulerat
378 1695 471 1753 crines
484 1695 516 1753 in
531 1695 605 1752 colla
618 1693 729 1751 solutos

115 1795 179 1853 Aut
191 1795 374 1876 testudineae
389 1805 504 1852 carmen
516 1794 627 1852 inerme
641 1793 731 1869 lyrae,

77 1893 134 1953 Sed
148 1894 229 1970 quali
244 1894 359 1970 aspexit
372 1895 532 1969 Pelopeum
545 1895 763 1967 Agamemnona
775 1892 872 1962 vultu,

88 2031 89 2034 =
115 1992 289 2068 Egcssc'tque
303 1992 396 2070 avidis
409 1992 515 2051 Dorica
529 1995 624 2050 castra
635 1992 722 2065 rogiS,

76 2092 140 2150 Aut
153 2092 249 2169 qualis
262 2092 355 2150 flexos
369 2092 456 2151 solvit
469 2093 607 2170 Pythona
619 2111 672 2167 per
685 2092 767 2149 orbes
893 2093 929 2146 35

117 2191 298 2266 Serpentem,
314 2190 437 2250 inbelles
451 2211 539 2268 quem
552 2191 677 2249 timuere
684 2191 776 2266 ferae.

76 2291 146 2347 Mox
161 2291 222 2349 ait:
248 2295 267 2323 “
282 2292 306 2349 Ο
320 2291 408 2365 longa
420 2292 523 2348 mundi
537 2295 666 2350 servator
679 2292 715 2349 ab
728 2291 814 2360 Alba,

115 2388 259 2462 Auguste,
275 2389 429 2447 Hectoreis
444 2389 559 2463 cognite
572 2389 665 2447 maior
678 2390 750 2462 avie,

76 2485 168 2544 Vince
180 2487 272 2544 mari:
294 2487 353 2545 iam
366 2491 446 2546 terra
458 2491 511 2546 tua
525 2493 579 2546 est.
594 2489 649 2546 tibi
662 2489 739 2546 milit
758 2491 771 2546 t
785 2507 877 2558 arcus,

115 2586 155 2643 Et
168 2585 251 2645 favet
264 2606 302 2644 ex
315 2587 424 2645 umeris
436 2588 491 2645 hoc
505 2608 578 2645 onus
592 2607 675 2646 omne
689 2589 770 2647 meis.
891 2592 928 2642 40

76 2684 162 2743 Solve
175 2688 258 2743 metu
271 2685 404 2761 patriam,
421 2705 495 2761 quae
509 2707 588 2744 nunc
601 2691 632 2745 te
645 2687 760 2744 vindice
773 2686 850 2743 freta

114 2783 251 2859 Inposuit
265 2804 367 2858 prorae
380 2784 499 2859 publica
513 2789 581 2843 vota
594 2789 672 2843 tuae.

75 2879 170 2945 Quam
184 2881 242 2939 nisi
256 2880 402 2952 defendes,
418 2902 567 2941 murorum
580 2884 724 2941 Romulus
738 2901 832 2955 augur

113 2979 163 3037 Ire
177 2979 327 3038 Palatinas
340 3000 400 3038 non
412 2982 486 3040 bene
501 2982 575 3040 vidit
588 3002 665 3039 aves.

72 3077 114 3136 Et
126 3077 251 3136 nimium
264 3078 351 3137 remis
365 3080 483 3154 audent,
498 3082 569 3156 prob
582 3085 669 3154 turpe
681 3079 688 3138 l
710 3077 833 3148 Latinis,
890 3084 927 3135 45

113 3175 250 3252 Principe
264 3179 294 3235 te
307 3177 416 3236 fluctus
429 3179 509 3252 regia
522 3180 589 3238 vela
601 3177 673 3252 pati.

72 3274 103 3334 N
104 3294 136 3333 ec
149 3278 190 3348 te,
207 3276 287 3352 quod
300 3277 399 3337 classis
413 3278 544 3338 centenis
556 3276 685 3352 remiget
696 3276 766 3348 alis,

109 3373 248 3432 Terreat:
267 3374 365 3436 inrito
379 3376 494 3439 labitur
507 3379 565 3440 illa
577 3376 671 3438 mari.
