2122 3728
263 179 481 240 rnornnru
501 182 561 241 nn.
582 183 628 256 11,
653 189 699 242 ro.
868 191 906 244 49
977 142 979 150 ¹

447 359 511 398 m.

53 454 118 514 Etsi
130 476 177 515 me
190 455 285 515 invito
299 457 430 530 discedis,
447 459 583 536 Cynthia,
600 459 701 533 Roma,

91 553 198 612 Laetor
211 556 290 631 quod
303 555 364 614 sine
376 576 423 614 me
437 557 522 616 devia
534 577 604 616 rura
618 559 698 618 colis.

53 651 162 712 Nullus
176 653 234 712 erit
247 653 332 712 castis
345 654 460 714 iuvenis
474 661 626 732 corruptor
638 657 670 715 in
684 657 770 732 agris,

94 751 152 816 Qui
165 755 196 811 te
209 753 359 812 blanditiis
372 773 432 812 non
446 752 524 812 sinat
537 774 599 814 esse
611 758 740 831 probam.

54 849 146 908 Nulla
158 870 255 928 neque
270 855 337 911 ante
349 855 416 911 tuas
430 853 541 911 orietur
553 853 620 913 rixa
632 852 785 925 fenestras,

94 950 156 1008 Neo
169 949 225 1008 tibi
239 951 378 1010 clamatae
392 971 509 1010 somnus
523 972 638 1011 amarus
651 953 716 1012 erit.

56 1048 124 1106 Sola
136 1048 193 1108 eris
207 1053 238 1108 et
251 1052 326 1109 solos
339 1051 491 1126 spectabis,
508 1050 644 1128 Cynthia,
660 1056 773 1113 montes

94 1148 236 1223 Especus
250 1152 280 1208 et
292 1149 365 1208 fines
378 1150 515 1225 pauperis
528 1149 681 1223 agricolae.

56 1246 124 1305 Illic
137 1250 167 1305 te
181 1248 258 1306 nulli
271 1252 411 1324 poterunt
425 1268 609 1325 eorrumpere
621 1250 686 1308 ludi

95 1345 235 1423 Panaque
248 1348 374 1423 peccatis
386 1348 514 1424 plurima
529 1368 615 1406 causa
627 1348 697 1407 tuis.

56 1444 124 1502 Illic
138 1445 252 1504 assidue
265 1450 364 1505 tauros
377 1446 521 1523 spectabis
535 1450 650 1506 arantes

96 1543 136 1602 nt
148 1545 240 1604 vitem
253 1546 337 1604 docta
349 1566 456 1622 ponere
470 1546 546 1604 falce
560 1565 664 1617 comas,

56 1643 156 1718 Atque
169 1642 211 1702 ibi
224 1663 289 1702 rara
301 1645 377 1704 feres
390 1645 502 1705 inculto
515 1649 583 1704 tura
597 1645 711 1716 sacello,

95 1741 216 1801 Haedus
229 1743 282 1801 ubi
295 1745 417 1818 agrestis
430 1747 546 1802 corruet
558 1747 626 1801 ante
638 1742 727 1816 focos,

56 1840 194 1899 Protinus
207 1844 238 1900 et
250 1842 331 1901 nuda
344 1844 462 1902 choreas
474 1842 627 1901 imitabere
641 1861 717 1912 sura,

96 1939 200 1999 Omnia
213 1944 249 2001 ab
264 1946 386 2002 externo
400 1943 460 2002 sint
473 1943 557 2002 modo
570 1945 638 2001 tuta
650 1940 722 2000 viro.

57 2039 125 2114 Ipse
139 2059 191 2114 ego
204 2044 341 2100 venabor.
355 2041 506 2100 iam'nunc
519 2060 566 2099 me
580 2060 660 2098 sacra
672 2039 784 2098 Dianae

97 2137 248 2215 Suscipere
262 2145 293 2200 et
305 2141 414 2202 Veneri
426 2160 533 2218 ponere
546 2144 615 2199 vota
627 2139 720 2198 iuvat.

57 2237 201 2314 Incipiam
214 2244 330 2317 captare
342 2240 420 2300 feras
433 2244 464 2300 et
477 2240 597 2299 reddere
609 2239 683 2315 pinu

97 2335 212 2396 cornua
224 2341 255 2397 et
268 2339 391 2398 audaces
403 2338 465 2415 ipse
478 2357 594 2396 monere
608 2356 712 2408 oanes;

57 2433 126 2491 Non
138 2437 237 2495 tamen
249 2439 286 2495 ut
298 2439 395 2496 vastos
409 2436 502 2496 ausim
513 2439 657 2512 temptare
671 2437 770 2495 leones

99 2536 162 2592 Ant
175 2537 251 2594 celer
265 2539 392 2610 agrestes
406 2536 537 2594 cominus
549 2535 591 2594 irc
606 2554 689 2594 sues:

58 2630 141 2689 Haec
153 2632 246 2707 igitur
258 2633 331 2691 mihi
345 2634 383 2692 sit
396 2634 508 2709 lepores
521 2632 640 2692 audacia
652 2633 755 2692 molles

102 2733 246 2809 Excipere
260 2736 290 2792 et
304 2732 404 2791 stricto
417 2733 507 2806 figere
520 2752 603 2791 avem
617 2732 735 2803 calamo,

60 2834 126 2898 Qua
137 2832 263 2890 formosa
276 2851 327 2890 suo
342 2830 508 2889 Clitumnus
520 2829 643 2887 flumina
655 2830 721 2887 luco

100 2930 221 3004 Integit,
237 2933 268 2988 et
279 2929 380 2989 niveos
393 2929 487 2988 abluit
501 2929 580 2987 unda
593 2929 689 2985 boves.

59 3031 107 3088 Tu
120 3028 254 3106 quotiens
268 3027 380 3105 aliquid
393 3017 541 3099 conalicre,
557 3026 628 3098 vita,
644 3027 788 3082 memento

99 3127 265 3188 Venturum
276 3126 378 3204 paucis
389 3146 436 3186 me
449 3127 505 3185 tibi
518 3123 671 3184 Luciferis.

60 3225 109 3285 Sic
121 3245 168 3284 me
180 3245 235 3285 nec
248 3225 325 3285 solae
338 3228 477 3300 poterunt
491 3226 621 3283 avertere
636 3220 735 3293 silvae,

100 3321 130 3382 N
131 3343 162 3383 ec
175 3342 249 3399 vaga
261 3322 400 3384 muscosis
413 3323 541 3384 flumina
552 3322 623 3384 insa
633 3319 728 3397 iugis,
892 3319 936 3368 ’ὂῦ

482 3447 501 3486 Ε
