2122 3728
267 247 485 306 PROPERTII
506 248 566 307 ΕΙ.
586 249 650 322 ΙΙΙ,
668 253 714 308 13.
732 254 778 308 14.
913 255 949 308 93

137 406 320 464 Praebebunt
332 406 437 466 vestris
449 409 539 466 verba
550 407 678 482 benigna
690 408 781 466 loeis:

100 509 118 536 ‘⁴
130 505 170 562 Et
182 505 321 579 leporem,
337 504 515 581 quicumque
528 505 620 578 venis,
637 506 797 580 venaberis,
813 508 926 586 hospes,

136 603 176 661 Et
190 603 214 660 si
227 601 303 661 forte
316 622 379 660 meo
392 603 511 661 tramite
526 604 641 680 quaeris
655 625 756 664 avem:

97 701 136 758 Et
150 720 195 759 me
209 701 291 758 Pana
302 700 358 759 tibi
372 701 506 759 comitem
520 703 555 760 de
568 723 642 778 rupe
654 708 766 777 vocato,
912 713 948 765 45

138 799 206 857 Sive
218 803 302 874 petes
315 799 424 857 calamo
437 800 566 876 praemia
579 802 640 860 sive
654 803 755 861 eane.'’

97 899 139 957 At
151 918 231 956 nune
244 897 365 957 desertis
378 903 493 957 cessant
507 900 630 958 saeraria
643 902 735 960 lueis:

136 999 251 1055 Aurum
265 1016 363 1055 omnes
376 996 455 1055 vieta
467 997 526 1055 iam
539 997 650 1073 pietate
664 1000 774 1058 colunt.

98 1095 178 1153 Auro
191 1096 277 1171 pulsa
289 1095 370 1166 fides,
387 1114 456 1153 auro
470 1097 586 1154 venalia
598 1097 680 1155 iura:

136 1195 251 1253 Aurum
263 1195 314 1253 lex
328 1194 470 1271 sequitur,
486 1213 554 1252 mox
568 1195 628 1254 sine
642 1195 707 1270 lege
721 1197 825 1272 pudor.
912 1203 949 1256 50

99 1294 219 1355 Torrida
233 1294 405 1369 sacrilegum
418 1296 566 1352 testantur
578 1293 681 1352 limina
693 1295 852 1368 Brennum,

137 1394 216 1451 Dum
229 1392 307 1469 petit
319 1391 429 1451 intonsi
442 1392 551 1468 Pythia
563 1411 654 1466 regna
667 1392 731 1451 dei:

99 1494 140 1551 At
153 1512 236 1551 mons
250 1492 393 1565 laurigero
407 1511 561 1549 eoneussus
574 1491 684 1549 vertice
698 1492 776 1550 diras

138 1591 251 1650 Gallica
263 1592 408 1649 Parnasus
422 1590 526 1666 sparsit
539 1590 571 1647 in
585 1609 664 1648 arma
676 1590 768 1649 nives.

100 1691 136 1748 Te
149 1691 243 1748 scelus
257 1694 375 1765 aeeepto
389 1688 509 1746 Thracis
522 1688 729 1766 Polymestoris
743 1709 813 1748 auro
912 1697 948 1748 55

137 1789 166 1846 N
167 1788 242 1848 utrit
255 1789 287 1848 in
299 1787 427 1864 hospitio
440 1807 509 1859 non,
525 1788 678 1864 Polydore,
694 1788 751 1863 pio.

99 1889 144 1946 Tu
158 1908 275 1965 quoque
289 1892 324 1946 ut
337 1890 452 1946 auratos
467 1906 589 1960 gereres,
606 1886 757 1963 Eriphyla,
773 1887 905 1958 lacertos,

114 2021 116 2024 ·
137 1987 266 2064 Dilapsis
279 2005 424 2062 nusquam
438 1988 482 2043 est
495 1984 691 2060 Amphiaraus
706 1985 798 2061 equis.

100 2090 267 2165 Proloquar,
285 2090 373 2164 atque
386 2085 500 2144 utinam
513 2085 624 2160 patriae
639 2085 693 2143 sim
706 2106 794 2144 verus
807 2089 949 2165 aruspex!

139 2187 299 2262 Frangitur
310 2186 374 2261 ipsa
387 2185 447 2243 suis
460 2184 553 2242 Roma
566 2185 691 2260 superba
703 2184 796 2245 bonis.
913 2191 950 2244 60

101 2287 187 2345 Certa
209 2287 322 2362 loquor,
348 2284 398 2342 sed
420 2282 504 2340 nulla
527 2283 618 2341 fides:
640 2303 736 2364 neque
758 2284 836 2343 enim
853 2285 912 2344 Ilia

178 2384 325 2461 quondam

139 2484 238 2542 Verax
251 2480 417 2555 Pergameis
430 2480 549 2539 Maenas
562 2481 695 2539 habenda
707 2482 802 2540 malis.

101 2581 168 2640 Sola
181 2581 277 2640 Parim
291 2580 437 2657 Phrygiae
451 2579 547 2638 fatum
560 2600 739 2656 componere,
756 2582 817 2639 sola

139 2680 284 2737 Fallaeem
298 2678 409 2754 patriae
423 2697 536 2752 serpere
549 2678 628 2737 dixit
642 2699 758 2754 equum.

100 2778 157 2836 Ille
170 2777 252 2836 furor
265 2776 377 2852 patriae
389 2775 449 2834 luit
461 2775 553 2846 utilis,
569 2775 621 2834 ille
634 2777 766 2852 parenti:
913 2783 949 2834 65

140 2877 270 2952 Experta
284 2878 328 2934 est
341 2894 424 2935 veros
436 2873 521 2932 irrita
534 2874 636 2948 lingua
650 2875 726 2932 deos.

494 3070 555 3109 XIV.

100 3172 197 3230 Multa
209 3177 288 3243 tuae,
304 3171 416 3247 Sparte,
432 3170 572 3228 miramur
584 3170 650 3228 iura
662 3169 831 3245 palaestrae,

141 3272 197 3329 Sed
210 3290 293 3346 mage
306 3269 432 3344 virginei
444 3273 489 3329 tot
502 3272 578 3329 bona
592 3268 744 3346 gymnasii,

100 3370 185 3436 Quod
198 3389 257 3429 non
269 3368 373 3428 infami
386 3388 414 3429 se
427 3372 544 3428 exercet
557 3386 674 3444 corpore
686 3367 788 3428 ludeua
