2122 3728
278 252 496 312 PROPERTII
516 252 576 310 EL.
592 253 636 324 II,
653 256 700 310 22.
717 256 764 309 23.
911 256 947 307 53

100 411 194 478 Quid?
206 411 288 470 ferus
296 411 515 469 Andromachae
525 411 601 468 lecto
612 429 678 468 cum
688 413 819 483 surgeret
827 409 946 479 Hector,

136 513 221 571 Bella
233 513 409 589 Mycenaeae
422 531 481 569 uon
494 511 618 569 timuere
630 509 731 569 rates?

99 613 156 671 Ille
168 613 217 671 vel
230 612 279 670 hio
292 612 397 670 classes
409 614 526 687 poterat
538 611 586 669 vel
598 610 718 686 perdere
730 628 837 667 muros.

137 711 195 769 Hic
209 730 262 785 ego
276 711 399 783 Pelides,
416 711 464 768 hic
477 710 558 768 ferus
571 709 682 767 Hector
695 727 758 782 ego.

99 809 205 884 Aspice
218 808 265 867 uti
279 809 357 867 caelo
371 808 454 866 modo
469 808 511 866 sol
523 807 607 865 modo
620 807 692 864 luna
704 805 868 863 ministret:
912 809 947 861 35

140 908 187 965 Sic
201 907 289 966 etiam
302 907 386 965 nobis
399 926 458 965 una
471 907 570 982 puella
582 924 685 981 pamm
699 906 752 962 est.

100 1007 203 1064 Altera
215 1026 261 1064 me
275 1005 388 1081 cupidis
401 1009 501 1063 teneat
513 1004 669 1080 foveatque
682 1001 806 1072 lacertis,

139 1105 243 1163 Altera
256 1105 280 1163 si
294 1105 410 1182 quando
423 1124 483 1162 non
497 1103 568 1162 sinit
582 1121 643 1160 esse
656 1103 761 1172 locum,

100 1206 163 1264 Aut
177 1207 202 1264 si
213 1206 290 1266 forte
303 1206 379 1265 irata
391 1225 455 1263 meo
469 1205 508 1263 sit
520 1203 599 1262 facta
611 1203 752 1273 ministro,

139 1305 182 1364 Ut
195 1305 267 1364 sciat
281 1324 343 1363 esse
356 1303 450 1375 aliam,
467 1322 542 1379 quae
555 1301 628 1360 velit
642 1321 703 1360 esse
716 1321 788 1359 mea.
912 1305 949 1356 40

101 1403 131 1462 N
131 1424 177 1462 am
190 1404 294 1462 melius
308 1404 365 1461 duo
378 1402 539 1460 defendunt
552 1400 714 1459 retinacula
725 1399 832 1474 navim,

140 1502 246 1561 Tutius
259 1505 290 1560 55
303 1502 432 1576 geminos
446 1500 535 1558 anxia
547 1502 640 1557 mater
653 1499 716 1557 alit.

520 1599 540 1636 5

101 1680 172 1751 Aut,
189 1679 213 1738 si
226 1699 257 1738 es
270 1679 350 1751 dura,
365 1698 458 1754 nega:
480 1677 526 1737 sin
539 1697 570 1737 es
582 1697 642 1735 non
654 1677 735 1749 dura,
749 1674 858 1734 venito.

141 1777 219 1843 auid
231 1777 315 1836 iuvat
328 1780 359 1836 55
370 1777 453 1836 nullo
466 1796 573 1853 ponere
586 1778 675 1835 verba
688 1774 774 1833 loco?

102 1876 159 1934 Hic
172 1896 249 1935 unus
262 1876 344 1934 dolor
357 1880 402 1935 est
415 1896 453 1934 ex
465 1874 598 1934 omnibus
611 1895 676 1933 acer
689 1874 807 1945 amanti,
912 1879 947 1931 45
1017 1882 1019 1886 ”

142 1977 276 2052 Speranti
290 1975 385 2035 subito
399 1976 424 2034 si
437 1995 496 2053 qua
508 1975 608 2034 venire
621 1977 718 2049 negat.

103 2075 219 2139 Quanta
231 2075 317 2133 illum
329 2077 392 2133 toto
405 2077 523 2133 versant
536 2073 660 2150 suspiria
672 2074 758 2142 lecto,

143 2173 212 2232 Oum
225 2172 324 2249 recipi,
341 2164 428 2250 quem
441 2193 501 2232 uon
513 2173 635 2244 noverit,
651 2172 703 2231 ille
710 2174 809 2246 potat.

104 2272 144 2330 Et
156 2291 257 2330 rursus
269 2290 394 2348 puerum
407 2272 570 2348 quaerendo
584 2270 684 2329 audita
695 2270 810 2345 fatigat,
851 2304 854 2315 ·

147 2368 238 2440 caea
252 2389 320 2446 qaae
333 2370 403 2429 sciro
416 2370 502 2442 timet,
517 2369 696 2444 dioercsartc
709 2369 791 2428 iubet.
913 2375 949 2425 50

478 2525 567 2569 xxm.

105 2604 159 2663 Oui
171 2605 231 2664 fuit
243 2604 355 2663 indocti
367 2604 507 2680 fugienda
521 2611 550 2664 et
564 2605 668 2664 semita
680 2605 772 2680 vulgi,

142 2703 211 2779 Ipsa
223 2703 317 2780 petita
329 2703 395 2761 lacu
408 2722 486 2762 nuno
499 2703 572 2761 mihi
584 2704 678 2762 dulcis
691 2702 767 2781 adua
779 2705 832 2763 est.

105 2802 256 2876 Ingenuus
269 2802 424 2879 quisquam
437 2802 557 2860 alterius
570 2803 621 2861 dat
634 2822 755 2861 munera
768 2822 858 2874 servo,

143 2902 186 2961 Ut
194 2900 333 2977 promissa
347 2920 414 2960 suae
427 2902 516 2959 verba
527 2901 604 2960 ferat
616 2901 770 2960 dominae?

106 2999 146 3057 st
154 2999 268 3076 quaerit
276 2999 396 3058 totiens:
416 3000 591 3065 “Quaenam
599 3020 678 3058 nuno
687 2999 816 3076 porticus
824 2998 905 3056 illam
936 3004 952 3055 5

145 3098 259 3172 Integit
269 3097 302 3156 ?''
318 3101 349 3157 et
364 3103 383 3130 ‘¹
393 3098 499 3174 Campo
514 3119 571 3176 quo
585 3102 683 3157 movet
695 3098 748 3156 illa
760 3098 847 3173 pedes
857 3097 871 3154 1
882 3097 900 3126 '²

107 3195 228 3269 Deinde,
243 3196 295 3254 ubi
308 3196 472 3272 pertuleris,
489 3217 561 3275 quos
574 3196 646 3256 dicit
658 3196 744 3267 fama,
759 3197 871 3255 labores

148 3294 295 3366 Herculis,
310 3297 346 3353 ut
359 3295 485 3354 scribat:
511 3294 670 3353 “Muneris
684 3295 788 3371 ecquid
800 3296 889 3353 habes
898 3294 931 3353 ?’'

110 3392 232 3453 Cernere
245 3393 291 3453 uti
303 3392 396 3470 possis
408 3395 525 3454 vultum
533 3393 665 3453 ‘custodis
678 3392 776 3467 amari,
989 3378 990 3382 Ἰ
