2122 3728
96 235 133 288 42
277 231 494 290 rnornnrn
516 231 575 289 un.
592 232 635 303 Π,
656 236 765 288 13.14.

135 388 300 447 Venentem
312 388 408 447 Idalio
421 389 531 448 vertice
545 389 636 448 durus
653 408 732 464 aper.

97 486 164 545 Illis
177 487 336 545 formosum
350 487 454 546 lavisse
467 488 633 564 paludibus,
649 488 722 546 illuc
919 493 954 546 55

137 585 251 644 Diceris
264 585 357 644 effusa
370 589 405 645 tu
418 587 520 646 Venus
533 587 589 646 isse
604 606 693 645 coma.

100 683 157 742 Sed
169 683 281 743 frustra
293 687 391 743 mutos
403 685 561 757 revocabis,
580 685 718 762 Cynthia,
734 704 835 743 manes
848 707 855 742 :

137 782 168 840 N
168 801 215 840 am
226 802 291 841 mea
305 783 356 858 qui
370 786 511 858 poterunt
524 803 588 841 ossa
602 783 718 842 minute
730 783 835 860 loqui?

500 978 560 1017 XIV.

101 1079 132 1137 N
132 1097 170 1137 on
182 1078 225 1137 ita
238 1077 386 1136 Dardanio
400 1078 518 1152 gavisus
530 1078 637 1137 Atrida
650 1079 800 1155 triumpho
816 1078 869 1152 e'st,

142 1177 216 1235 Cum
229 1176 364 1235 caderent
377 1196 502 1250 magnae
515 1178 720 1236 Laomedontis
733 1198 810 1254 opes,

103 1277 165 1335 Nec
178 1276 219 1334 sic
233 1296 328 1335 errore
343 1278 447 1335 exacto
461 1276 589 1335 laetatus
602 1276 716 1344 Ulixes,

144 1374 218 1432 Cum
230 1374 331 1448 tetigit
344 1394 426 1433 carae
439 1374 529 1435 litora
541 1375 704 1446 Dulichiae,

104 1474 167 1532 Nec
180 1473 221 1531 sic
235 1473 359 1545 Electre‚
377 1473 491 1532 salvum
505 1494 570 1532 cum
584 1474 700 1549 aspexit
714 1474 846 1545 Oresten,
943 1480 960 1531 5

145 1572 236 1630 Cuius
247 1571 323 1630 falsa
336 1576 440 1631 tenens
453 1572 576 1631 fleverat
590 1592 654 1631 ossa
667 1592 755 1643 soror,
795 1598 799 1605 ¹

106 1673 168 1731 Nec
182 1671 222 1730 sic
236 1672 411 1730 incolumem
422 1671 530 1730 Minois
544 1672 656 1731 Thesea
668 1671 752 1745 vidit,

146 1771 319 1830 Daedalium
331 1770 392 1828 h'no
407 1790 473 1828 cum
487 1771 560 1830 duce
573 1770 652 1829 rexit
664 1771 731 1842 iter,

108 1871 226 1936 Quanta
240 1889 292 1944 ego
306 1869 466 1946 praeterita
479 1870 584 1943 collegi
598 1869 705 1944 gaudia
717 1873 820 1928 nocte:

148 1969 317 2027 Inmortalis
331 1987 388 2040 ero,
406 1968 430 2025 si
444 1968 537 2026 altera
550 1968 620 2027 talis
633 1969 699 2027 erit.
928 1975 964 2027 10

108 2068 151 2126 At
164 2067 233 2125 dum
247 2066 379 2125 demissis
393 2067 519 2142 supplex
533 2065 693 2139 cervicibus
706 2067 793 2139 ibam,

148 2156 273 2215 Dicebat
287 2156 361 2215 sicco
374 2157 462 2215 vilior
475 2177 537 2216 esse
551 2157 627 2215 lacu.

109 2257 139 2315 N
140 2277 172 2314 ec
185 2256 258 2313 mihi
270 2255 330 2314 iam
342 2256 436 2314 fastus
450 2275 594 2331 opponere
608 2257 724 2332 quaerit
737 2256 863 2334 iniquos,

150 2356 179 2414 N
181 2376 212 2414 ec
225 2355 299 2413 mihi
311 2356 439 2432 ploranti
452 2357 534 2414 lenta
548 2356 646 2414 sedere
659 2358 766 2432 potest.

110 2455 210 2531 Atque
223 2453 338 2513 utinam
351 2475 410 2513 non
422 2459 483 2513 tem
497 2474 559 2513 sero
573 2455 647 2511 mihi
660 2458 730 2513 nota
743 2453 850 2521 fuisset
931 2461 965 2513 15

151 2552 304 2611 Conditc'ol
326 2553 416 2611 cineri
429 2573 508 2610 nunc
521 2552 665 2611 medicina
678 2553 774 2610 datrrr.

111 2652 191 2708 Ante
205 2651 291 2725 pedes
305 2651 396 2709 caecis
410 2652 527 2710 lucebat
540 2651 643 2724 semita
657 2651 759 2709 nobis:

153 2748 271 2807 Scilicet
283 2749 384 2807 insano
398 2769 482 2808 nemo
496 2749 528 2807 in
542 2770 637 2809 amore
650 2750 741 2808 videt.
793 2797 799 2802 .

112 2847 179 2905 Hoc
193 2847 269 2905 sensi
281 2849 415 2923 prodesse
429 2849 537 2922 magis:
562 2849 748 2922 contemnite,
765 2852 914 2908 amantes:

154 2945 202 3005 Sic
214 2946 299 3005 hodie
313 2946 420 3020 veniet,
438 2947 462 3005 si
476 2966 535 3024 qua
548 2948 669 3022 negavit
682 2947 757 3006 heri.
931 2953 968 3005 20

114 3044 275 3103 Pulsabant
288 3044 339 3102 alii
351 3044 462 3103 frustra
474 3044 678 3123 dominamque
691 3047 853 3104 vocabant:

154 3144 271 3202 Mecum
284 3144 388 3203 habuit
400 3144 527 3220 positum
540 3144 622 3203 lenta
635 3146 735 3221 puella
748 3149 844 3221 caput.

116 3243 198 3300 Haec
211 3242 283 3299 mihi
296 3243 418 3302 devictis
431 3242 526 3318 potior
539 3241 661 3301 victoria
674 3243 801 3315 Parthis,

155 3340 237 3398 Haec
252 3340 350 3416 spolia,
366 3343 437 3400 haec
451 3361 541 3418 reges,
558 3342 629 3401 haec
642 3342 715 3401 mihi
729 3362 831 3401 currus
845 3348 943 3402 erunt.
