2122 3728
101 200 158 254 134
305 191 523 252 PROPERTII
543 191 606 250 BL.
628 191 683 263 IV,
709 195 756 249 10.

100 353 240 428 Tempore
254 370 312 427 quo
325 353 425 426 portas
439 348 603 408 Caeninum
615 349 746 407 Aaronta
758 318 911 424 petentem

139 450 242 508 Victor
255 451 287 508 in
299 468 431 507 eversum
446 447 564 524 cuspide
577 447 679 506 fundis
693 467 817 524 equum.

98 551 197 608 Aoron
209 547 376 607 Herculeus
389 546 518 606 Caenina
531 546 637 605 ductor
649 547 685 604 ab
699 565 776 618 aree,

138 648 240 719 Roma,
255 646 317 706 tuis
330 644 477 722 quondam
489 643 600 702 finibus
613 645 716 703 horror
730 647 805 704 erat.
923 650 958 703 lo

99 746 159 804 Hie
173 745 265 822 spolia
279 764 317 803 ex
329 743 440 802 umeris
454 761 542 801 ausus
556 761 672 818 sperare
687 742 810 808 Quirini

138 843 207 919 Ipse
220 842 310 914 dedit,
327 842 378 900 sed
389 860 451 899 non
464 840 606 916 sanguine
620 840 695 899 sicea
709 861 772 901 suo.

99 923 190 1020 Huilo
203 941 285 1000 videt
297 943 365 998 ante
379 959 465 998 cavas
482 940 641 1000 librantem
654 940 768 1016 spicula
781 944 883 1001 turres

139 1039 282 1098 Romulus
296 1041 326 1098 et
338 1038 417 1097 votis
429 1042 553 1115 occupat
566 1041 635 1097 ante
648 1040 732 1099 ratis.

102 1145 121 1172 “
131 1138 276 1215 Iuppiter,
286 1139 357 1196 haee
365 1137 452 1196 hodie
461 1137 519 1196 tibi
528 1137 649 1196 victima
658 1141 776 1198 corruet
785 1137 961 1198 Aaron.’'15

139 1237 285 1295 Voverat:
308 1239 338 1295 et
352 1235 479 1312 spolium
492 1236 603 1297 corruit
615 1236 667 1296 ille
681 1237 760 1296 Iovi.

102 1335 191 1394 Urbis
203 1333 382 1411 virtutisque
395 1354 501 1410 parens
515 1336 557 1394 sia
569 1335 686 1395 vinoere
700 1336 812 1410 suevit,

145 1433 204 1499 Qui
218 1433 291 1493 tulit
304 1453 322 1492 a
333 1452 420 1509 pareo
433 1433 542 1509 frigida
555 1438 649 1494 eastra
661 1435 747 1493 Lare.

102 1535 186 1593 Idem
199 1554 288 1611 eques
301 1537 331 1592 et
345 1533 445 1606 frenis,
461 1534 540 1593 idem
552 1534 613 1594 init
626 1540 713 1611 aptus
725 1535 847 1609 aratris,

142 1634 182 1692 nt
193 1634 277 1708 galea
288 1632 403 1691 hirsuta
417 1636 531 1708 compta
543 1633 647 1709 lnpma
659 1632 739 1693 iuba
926 1639 965 1692 20

102 1731 185 1791 Piota
198 1735 294 1809 ne'que
307 1732 428 1791 inducto
441 1731 576 1807 fulgebat
589 1751 689 1808 parma
700 1751 838 1809 pyropo:

141 1831 323 1890 Praebebunt
337 1850 412 1889 aaes1
404 1831 523 1889 baltea
536 1831 599 1889 lent
586 1834 618 1889 ta
631 1832 729 1890 boves.

102 1930 206 1989 Cossus
219 1933 251 1988 at
263 1929 430 2006 insequitur
442 1929 558 1988 Veient
536 1932 575 1987 trs
589 1929 675 1987 caede
688 1928 840 2002 Tolumni,

141 2028 265 2088 Vincere
279 2048 346 2087 eum
359 2027 447 2086 Veios
458 2045 541 2103 posse
554 2027 661 2086 laboris
674 2031 746 2097 erat,

101 2127 130 2184 N
131 2127 234 2184 eodum
247 2127 327 2185 ultra
340 2125 468 2185 Tiberim
480 2125 553 2184 belli
566 2145 662 2197 sonus,
677 2125 787 2185 ultima
800 2128 915 2203 praeda
925 2133 963 2187 25

141 2225 321 2284 Nomentum
334 2227 364 2284 et
378 2229 479 2300 oaptae
492 2224 593 2299 iugera
606 2229 690 2284 terna
704 2225 808 2286 Oorae.

104 2325 174 2382 Heu
187 2325 255 2383 Veii
268 2329 390 2398 veteres,
407 2328 438 2384 et
450 2345 502 2384 vos
515 2330 580 2384 tum
593 2344 684 2400 regna
695 2323 811 2398 fuistis,

140 2424 179 2481 nt
192 2427 289 2482 vestro
301 2423 397 2500 posita
409 2425 454 2482 est
468 2442 556 2482 aurea
569 2424 641 2483 sella
654 2423 735 2481 loro:

102 2521 188 2580 Nune
202 2521 282 2580 intra
294 2541 393 2581 muros
404 2521 528 2599 pastoris
540 2523 649 2581 bueina
661 2521 739 2580 lenti

140 2621 254 2692 (lentat,
271 2624 301 2679 et
313 2620 346 2678 in
359 2621 463 2679 vestris
478 2621 590 2679 ossibus
604 2640 674 2679 arva
686 2623 816 2680 metunt.
926 2629 965 2682 30

101 2718 190 2777 Forte
204 2738 291 2794 super
304 2722 404 2794 portae
418 2720 480 2777 dux
494 2719 586 2777 Veius
600 2718 696 2777 astitit
710 2737 818 2791 arcem,

141 2816 383 2893 Colloquiumque
398 2836 451 2875 sua
463 2817 559 2875 fretus
572 2819 609 2876 ab
621 2818 693 2876 urbe
705 2816 798 2876 dedit.

101 2916 238 2994 Dumque
252 2917 327 2976 aries
340 2936 457 2975 murum
470 2936 560 2975 cornu
573 2917 710 2993 pulsabat
723 2917 829 2990 aheno,

140 3014 234 3073 Vinea
248 3034 306 3091 qua
320 3016 442 3073 duotum
454 3016 543 3090 longa
555 3018 673 3090 tegebat
688 3035 769 3092 opus,

104 3111 263 3171 Cossus't
222 3117 280 3171 art:
307 3113 431 3172 “Fortia
444 3113 549 3172 melius
563 3133 733 3173 oonaurrere
747 3117 885 3193 eampost'
924 3125 965 3178 35

142 3211 204 3269 Neo
217 3231 297 3270 mora
309 3212 354 3283 fit,
369 3212 457 3288 pleno
471 3212 549 3270 sistit
563 3223 688 3289 uterque
704 3215 836 3287 gradum.

96 3306 139 3366 Di
150 3308 275 3370 Latias
264 3329 368 3372 iuuere
381 3329 499 3384 manus,
514 3310 634 3369 beseota
640 3311 788 3366 blolumm
