<?xml version="1.0" encoding="UTF-8"?>
<!DOCTYPE html PUBLIC "-//W3C//DTD XHTML 1.0 Transitional//EN"
    "http://www.w3.org/TR/xhtml1/DTD/xhtml1-transitional.dtd">
<html xmlns="http://www.w3.org/1999/xhtml" xml:lang="en" lang="en">
 <head>
  <title>
</title>
<meta http-equiv="Content-Type" content="text/html;charset=utf-8" />
  <meta name='ocr-system' content='tesseract 3.04.00' />
  <meta name='ocr-capabilities' content='ocr_page ocr_carea ocr_par ocr_line ocrx_word'/>
</head>
<body>
  <div class='ocr_page' id='page_1' title='image "./sexpropertiiele01propgoog_0112.png"; bbox 0 0 2122 3728; ppageno 0'>
   <div class='ocr_carea' id='block_1_1' title="bbox 289 262 925 334">
    <p class='ocr_par' dir='ltr' id='par_1_1' title="bbox 289 262 925 334">
     <span class='ocr_line' id='line_1_1' title="bbox 289 262 925 334; baseline -0.005 -11"><span class='ocrx_word' id='word_1_1' title='bbox 289 262 655 334; x_wconf 74' lang='lat' dir='ltr'>mormannum,</span> <span class='ocrx_word' id='word_1_2' title='bbox 680 268 707 320; x_wconf 86' lang='lat'>9.</span> <span class='ocrx_word' id='word_1_3' title='bbox 889 262 925 320; x_wconf 76' lang='lat' dir='ltr'>aa</span> 
     </span>
    </p>
   </div>
   <div class='ocr_carea' id='block_1_2' title="bbox 26 421 1051 3261">
    <p class='ocr_par' dir='ltr' id='par_1_2' title="bbox 26 421 1051 3261">
     <span class='ocr_line' id='line_1_2' title="bbox 72 421 1051 490; baseline -0.008 -8"><span class='ocrx_word' id='word_1_4' title='bbox 72 423 146 482; x_wconf 76' lang='lat' dir='ltr'>Cum</span> <span class='ocrx_word' id='word_1_5' title='bbox 159 422 216 482; x_wconf 87' lang='lat' dir='ltr'>tibi</span> <span class='ocrx_word' id='word_1_6' title='bbox 229 442 283 481; x_wconf 90' lang='lat' dir='ltr'>nec</span> <span class='ocrx_word' id='word_1_7' title='bbox 296 423 402 481; x_wconf 85' lang='lat' dir='ltr'>Peleus</span> <span class='ocrx_word' id='word_1_8' title='bbox 416 422 516 480; x_wconf 90' lang='lat' dir='ltr'>aderat</span> <span class='ocrx_word' id='word_1_9' title='bbox 528 440 582 479; x_wconf 87' lang='lat' dir='ltr'>nec</span> <span class='ocrx_word' id='word_1_10' title='bbox 596 421 712 480; x_wconf 81' lang='lat' dir='ltr'>eaemla</span> <span class='ocrx_word' id='word_1_11' title='bbox 725 423 826 490; x_wconf 88' lang='lat' dir='ltr'>mater,</span> <span class='ocrx_word' id='word_1_12' title='bbox 891 424 925 477; x_wconf 87' lang='grc'>15</span> <span class='ocrx_word' id='word_1_13' title='bbox 1044 457 1051 474; x_wconf 91' lang='grc'><strong>.</strong></span> 
     </span>
     <span class='ocr_line' id='line_1_3' title="bbox 112 520 633 600; baseline -0.008 -20"><span class='ocrx_word' id='word_1_14' title='bbox 112 522 214 600; x_wconf 81' lang='lat' dir='ltr'>Scyria</span> <span class='ocrx_word' id='word_1_15' title='bbox 226 541 280 580; x_wconf 88' lang='lat' dir='ltr'>nec</span> <span class='ocrx_word' id='word_1_16' title='bbox 293 520 382 579; x_wconf 83' lang='lat' dir='ltr'>viduo</span> <span class='ocrx_word' id='word_1_17' title='bbox 396 520 547 578; x_wconf 82' lang='lat' dir='ltr'>Deidamia</span> <span class='ocrx_word' id='word_1_18' title='bbox 560 520 633 577; x_wconf 86' lang='lat' dir='ltr'>viro.</span> 
     </span>
     <span class='ocr_line' id='line_1_4' title="bbox 73 617 755 695; baseline -0.006 -16"><span class='ocrx_word' id='word_1_19' title='bbox 73 621 156 680; x_wconf 81' lang='lat' dir='ltr'>Tunc</span> <span class='ocrx_word' id='word_1_20' title='bbox 169 621 263 695; x_wconf 90' lang='lat' dir='ltr'>igitur</span> <span class='ocrx_word' id='word_1_21' title='bbox 278 620 352 679; x_wconf 81' lang='lat' dir='ltr'>veris</span> <span class='ocrx_word' id='word_1_22' title='bbox 366 621 511 693; x_wconf 76' lang='lat' dir='ltr'>gaudebat</span> <span class='ocrx_word' id='word_1_23' title='bbox 526 617 646 677; x_wconf 82' lang='lat' dir='ltr'>Graecia</span> <span class='ocrx_word' id='word_1_24' title='bbox 659 618 755 676; x_wconf 89' lang='lat' dir='ltr'>natis:</span> 
     </span>
     <span class='ocr_line' id='line_1_5' title="bbox 113 717 731 792; baseline -0.008 -14"><span class='ocrx_word' id='word_1_25' title='bbox 113 719 196 778; x_wconf 81' lang='lat' dir='ltr'>Tunc</span> <span class='ocrx_word' id='word_1_26' title='bbox 210 719 299 777; x_wconf 91' lang='lat' dir='ltr'>etiam</span> <span class='ocrx_word' id='word_1_27' title='bbox 312 718 387 776; x_wconf 78' lang='lat' dir='ltr'>felix</span> <span class='ocrx_word' id='word_1_28' title='bbox 400 719 479 776; x_wconf 90' lang='lat' dir='ltr'>inter</span> <span class='ocrx_word' id='word_1_29' title='bbox 494 720 524 775; x_wconf 89' lang='lat' dir='ltr'>et</span> <span class='ocrx_word' id='word_1_30' title='bbox 537 736 616 774; x_wconf 89' lang='lat' dir='ltr'>arma</span> <span class='ocrx_word' id='word_1_31' title='bbox 629 717 731 792; x_wconf 89' lang='lat' dir='ltr'>pudor.</span> 
     </span>
     <span class='ocr_line' id='line_1_6' title="bbox 74 816 676 893; baseline -0.012 -15"><span class='ocrx_word' id='word_1_32' title='bbox 74 821 116 878; x_wconf 85' lang='lat' dir='ltr'>At</span> <span class='ocrx_word' id='word_1_33' title='bbox 128 823 164 878; x_wconf 89' lang='lat' dir='ltr'>tu</span> <span class='ocrx_word' id='word_1_34' title='bbox 176 839 237 877; x_wconf 90' lang='lat' dir='ltr'>non</span> <span class='ocrx_word' id='word_1_35' title='bbox 250 837 309 876; x_wconf 91' lang='lat' dir='ltr'>una</span> <span class='ocrx_word' id='word_1_36' title='bbox 322 816 447 893; x_wconf 89' lang='lat' dir='ltr'>potuisti</span> <span class='ocrx_word' id='word_1_37' title='bbox 460 819 545 874; x_wconf 90' lang='lat' dir='ltr'>nocte</span> <span class='ocrx_word' id='word_1_38' title='bbox 558 835 676 887; x_wconf 41' lang='lat' dir='ltr'>vacares</span> 
     </span>
     <span class='ocr_line' id='line_1_7' title="bbox 114 914 927 992; baseline -0.006 -17"><span class='ocrx_word' id='word_1_39' title='bbox 114 917 218 992; x_wconf 89' lang='lat' dir='ltr'>Impia,</span> <span class='ocrx_word' id='word_1_40' title='bbox 235 936 295 974; x_wconf 91' lang='lat' dir='ltr'>non</span> <span class='ocrx_word' id='word_1_41' title='bbox 307 936 400 974; x_wconf 90' lang='lat' dir='ltr'>unum</span> <span class='ocrx_word' id='word_1_42' title='bbox 414 915 604 973; x_wconf 89' lang='lat' dir='ltr'>solamanere</span> <span class='ocrx_word' id='word_1_43' title='bbox 618 914 703 972; x_wconf 93' lang='lat' dir='ltr'>diem.</span> <span class='ocrx_word' id='word_1_44' title='bbox 890 919 927 970; x_wconf 81' lang='lat'>20</span> 
     </span>
     <span class='ocr_line' id='line_1_8' title="bbox 76 1013 716 1088; baseline -0.005 -15"><span class='ocrx_word' id='word_1_45' title='bbox 76 1015 155 1080; x_wconf 78' lang='lat' dir='ltr'>Quin</span> <span class='ocrx_word' id='word_1_46' title='bbox 170 1015 258 1073; x_wconf 89' lang='lat' dir='ltr'>etiam</span> <span class='ocrx_word' id='word_1_47' title='bbox 271 1014 365 1072; x_wconf 91' lang='lat' dir='ltr'>multo</span> <span class='ocrx_word' id='word_1_48' title='bbox 377 1013 505 1072; x_wconf 84' lang='lat' dir='ltr'>duxistis</span> <span class='ocrx_word' id='word_1_49' title='bbox 518 1014 623 1088; x_wconf 87' lang='lat' dir='ltr'>pocula</span> <span class='ocrx_word' id='word_1_50' title='bbox 635 1013 697 1072; x_wconf 89' lang='lat' dir='ltr'>risu</span> <span class='ocrx_word' id='word_1_51' title='bbox 710 1035 716 1070; x_wconf 91' lang='lat'>:</span> 
     </span>
     <span class='ocr_line' id='line_1_9' title="bbox 114 1112 697 1172; baseline -0.002 -2"><span class='ocrx_word' id='word_1_52' title='bbox 114 1114 250 1172; x_wconf 81' lang='lat' dir='ltr'>Forsitan</span> <span class='ocrx_word' id='word_1_53' title='bbox 264 1116 294 1171; x_wconf 89' lang='lat' dir='ltr'>et</span> <span class='ocrx_word' id='word_1_54' title='bbox 307 1114 344 1171; x_wconf 90' lang='lat' dir='ltr'>de</span> <span class='ocrx_word' id='word_1_55' title='bbox 356 1133 402 1170; x_wconf 95' lang='lat' dir='ltr'>me</span> <span class='ocrx_word' id='word_1_56' title='bbox 416 1114 504 1170; x_wconf 88' lang='lat' dir='ltr'>verba</span> <span class='ocrx_word' id='word_1_57' title='bbox 516 1112 598 1170; x_wconf 80' lang='lat' dir='ltr'>fuere</span> <span class='ocrx_word' id='word_1_58' title='bbox 611 1113 697 1170; x_wconf 83' lang='lat' dir='ltr'>mala.</span> 
     </span>
     <span class='ocr_line' id='line_1_10' title="bbox 74 1210 795 1288; baseline -0.003 -17"><span class='ocrx_word' id='word_1_59' title='bbox 74 1213 134 1271; x_wconf 86' lang='lat' dir='ltr'>Hic</span> <span class='ocrx_word' id='word_1_60' title='bbox 148 1213 236 1270; x_wconf 87' lang='lat' dir='ltr'>etiam</span> <span class='ocrx_word' id='word_1_61' title='bbox 249 1212 369 1288; x_wconf 89' lang='lat' dir='ltr'>petitur,</span> <span class='ocrx_word' id='word_1_62' title='bbox 386 1210 438 1286; x_wconf 90' lang='lat' dir='ltr'>qui</span> <span class='ocrx_word' id='word_1_63' title='bbox 450 1213 481 1269; x_wconf 91' lang='lat' dir='ltr'>te</span> <span class='ocrx_word' id='word_1_64' title='bbox 493 1210 575 1286; x_wconf 92' lang='lat' dir='ltr'>prius</span> <span class='ocrx_word' id='word_1_65' title='bbox 590 1210 652 1286; x_wconf 91' lang='lat' dir='ltr'>ipse</span> <span class='ocrx_word' id='word_1_66' title='bbox 665 1210 795 1287; x_wconf 88' lang='lat' dir='ltr'>reliquit.</span> 
     </span>
     <span class='ocr_line' id='line_1_11' title="bbox 115 1309 658 1385; baseline -0.002 -17"><span class='ocrx_word' id='word_1_67' title='bbox 115 1311 155 1368; x_wconf 87' lang='lat' dir='ltr'>Di</span> <span class='ocrx_word' id='word_1_68' title='bbox 166 1310 285 1384; x_wconf 80' lang='lat' dir='ltr'>faciant,</span> <span class='ocrx_word' id='word_1_69' title='bbox 300 1309 357 1368; x_wconf 89' lang='lat' dir='ltr'>isto</span> <span class='ocrx_word' id='word_1_70' title='bbox 371 1313 456 1385; x_wconf 87' lang='lat' dir='ltr'>capta</span> <span class='ocrx_word' id='word_1_71' title='bbox 467 1309 565 1367; x_wconf 82' lang='lat' dir='ltr'>fruare</span> <span class='ocrx_word' id='word_1_72' title='bbox 579 1309 658 1367; x_wconf 87' lang='lat' dir='ltr'>viro!</span> 
     </span>
     <span class='ocr_line' id='line_1_12' title="bbox 76 1409 927 1485; baseline -0.005 -16"><span class='ocrx_word' id='word_1_73' title='bbox 76 1411 158 1469; x_wconf 89' lang='lat' dir='ltr'>Haec</span> <span class='ocrx_word' id='word_1_74' title='bbox 171 1409 245 1468; x_wconf 85' lang='lat' dir='ltr'>mihi</span> <span class='ocrx_word' id='word_1_75' title='bbox 257 1413 327 1468; x_wconf 85' lang='lat' dir='ltr'>vcta</span> <span class='ocrx_word' id='word_1_76' title='bbox 339 1412 422 1467; x_wconf 90' lang='lat' dir='ltr'>tuam</span> <span class='ocrx_word' id='word_1_77' title='bbox 434 1412 553 1484; x_wconf 88' lang='lat' dir='ltr'>propter</span> <span class='ocrx_word' id='word_1_78' title='bbox 567 1412 700 1485; x_wconf 88' lang='lat' dir='ltr'>suscepta</span> <span class='ocrx_word' id='word_1_79' title='bbox 713 1409 847 1480; x_wconf 87' lang='lat' dir='ltr'>salutem,</span> <span class='ocrx_word' id='word_1_80' title='bbox 889 1413 927 1464; x_wconf 83' lang='lat'>25</span> 
     </span>
     <span class='ocr_line' id='line_1_13' title="bbox 116 1507 869 1584; baseline -0.004 -17"><span class='ocrx_word' id='word_1_81' title='bbox 116 1508 190 1567; x_wconf 76' lang='lat' dir='ltr'>(lum</span> <span class='ocrx_word' id='word_1_82' title='bbox 203 1507 297 1583; x_wconf 89' lang='lat' dir='ltr'>capite</span> <span class='ocrx_word' id='word_1_83' title='bbox 310 1508 365 1565; x_wconf 92' lang='lat' dir='ltr'>hoc</span> <span class='ocrx_word' id='word_1_84' title='bbox 380 1507 499 1584; x_wconf 83' lang='lat' dir='ltr'>Stygiae</span> <span class='ocrx_word' id='word_1_85' title='bbox 511 1507 570 1564; x_wconf 88' lang='lat' dir='ltr'>iam</span> <span class='ocrx_word' id='word_1_86' title='bbox 583 1509 755 1582; x_wconf 88' lang='lat' dir='ltr'>poterentur</span> <span class='ocrx_word' id='word_1_87' title='bbox 768 1526 869 1582; x_wconf 86' lang='lat' dir='ltr'>aquae,</span> 
     </span>
     <span class='ocr_line' id='line_1_14' title="bbox 76 1603 759 1665; baseline -0.004 -1"><span class='ocrx_word' id='word_1_88' title='bbox 76 1608 117 1665; x_wconf 85' lang='lat' dir='ltr'>Et</span> <span class='ocrx_word' id='word_1_89' title='bbox 129 1607 239 1665; x_wconf 90' lang='lat' dir='ltr'>lectum</span> <span class='ocrx_word' id='word_1_90' title='bbox 253 1605 357 1664; x_wconf 88' lang='lat' dir='ltr'>flentes</span> <span class='ocrx_word' id='word_1_91' title='bbox 371 1605 479 1664; x_wconf 85' lang='lat' dir='ltr'>circum</span> <span class='ocrx_word' id='word_1_92' title='bbox 494 1609 636 1663; x_wconf 87' lang='lat' dir='ltr'>staremus</span> <span class='ocrx_word' id='word_1_93' title='bbox 650 1603 759 1662; x_wconf 81' lang='lat' dir='ltr'>amici?</span> 
     </span>
     <span class='ocr_line' id='line_1_15' title="bbox 117 1701 821 1780; baseline -0.007 -16"><span class='ocrx_word' id='word_1_94' title='bbox 117 1705 176 1764; x_wconf 90' lang='lat' dir='ltr'>Hic</span> <span class='ocrx_word' id='word_1_95' title='bbox 189 1705 242 1764; x_wconf 89' lang='lat' dir='ltr'>ubi</span> <span class='ocrx_word' id='word_1_96' title='bbox 254 1713 328 1776; x_wconf 87' lang='lat' dir='ltr'>tum,</span> <span class='ocrx_word' id='word_1_97' title='bbox 344 1705 418 1780; x_wconf 89' lang='lat' dir='ltr'>prch</span> <span class='ocrx_word' id='word_1_98' title='bbox 432 1704 471 1774; x_wconf 88' lang='lat' dir='ltr'>di,</span> <span class='ocrx_word' id='word_1_99' title='bbox 486 1703 605 1779; x_wconf 89' lang='lat' dir='ltr'>perfida,</span> <span class='ocrx_word' id='word_1_100' title='bbox 622 1702 725 1778; x_wconf 84' lang='lat' dir='ltr'>quisve</span> <span class='ocrx_word' id='word_1_101' title='bbox 737 1701 821 1760; x_wconf 78' lang='lat' dir='ltr'>fuit?</span> 
     </span>
     <span class='ocr_line' id='line_1_16' title="bbox 78 1800 796 1879; baseline -0.006 -17"><span class='ocrx_word' id='word_1_102' title='bbox 78 1803 158 1869; x_wconf 77' lang='lat' dir='ltr'>Quid</span> <span class='ocrx_word' id='word_1_103' title='bbox 172 1803 196 1861; x_wconf 90' lang='lat' dir='ltr'>si</span> <span class='ocrx_word' id='word_1_104' title='bbox 209 1803 384 1879; x_wconf 80' lang='lat' dir='ltr'>longinquos</span> <span class='ocrx_word' id='word_1_105' title='bbox 396 1801 539 1861; x_wconf 87' lang='lat' dir='ltr'>retinerer</span> <span class='ocrx_word' id='word_1_106' title='bbox 551 1800 635 1859; x_wconf 92' lang='lat' dir='ltr'>miles</span> <span class='ocrx_word' id='word_1_107' title='bbox 648 1801 685 1858; x_wconf 92' lang='lat' dir='ltr'>ad</span> <span class='ocrx_word' id='word_1_108' title='bbox 698 1801 796 1873; x_wconf 90' lang='lat' dir='ltr'>Indos,</span> 
     </span>
     <span class='ocr_line' id='line_1_17' title="bbox 118 1899 930 1961; baseline -0.006 -1"><span class='ocrx_word' id='word_1_109' title='bbox 118 1904 183 1961; x_wconf 85' lang='lat' dir='ltr'>Aut</span> <span class='ocrx_word' id='word_1_110' title='bbox 194 1921 259 1961; x_wconf 88' lang='lat' dir='ltr'>mea</span> <span class='ocrx_word' id='word_1_111' title='bbox 273 1901 297 1960; x_wconf 90' lang='lat' dir='ltr'>si</span> <span class='ocrx_word' id='word_1_112' title='bbox 311 1904 402 1960; x_wconf 89' lang='lat' dir='ltr'>staret</span> <span class='ocrx_word' id='word_1_113' title='bbox 414 1899 497 1959; x_wconf 84' lang='lat' dir='ltr'>navis</span> <span class='ocrx_word' id='word_1_114' title='bbox 510 1900 542 1958; x_wconf 88' lang='lat' dir='ltr'>in</span> <span class='ocrx_word' id='word_1_115' title='bbox 556 1899 692 1958; x_wconf 80' lang='lat' dir='ltr'>Oceano?</span> <span class='ocrx_word' id='word_1_116' title='bbox 893 1904 930 1956; x_wconf 85' lang='lat'>30</span> 
     </span>
     <span class='ocr_line' id='line_1_18' title="bbox 79 1997 878 2073; baseline -0.006 -14"><span class='ocrx_word' id='word_1_117' title='bbox 79 2001 137 2060; x_wconf 89' lang='lat' dir='ltr'>Sed</span> <span class='ocrx_word' id='word_1_118' title='bbox 149 2000 231 2060; x_wconf 88' lang='lat' dir='ltr'>vobis</span> <span class='ocrx_word' id='word_1_119' title='bbox 244 1999 330 2058; x_wconf 77' lang='lat' dir='ltr'>facile</span> <span class='ocrx_word' id='word_1_120' title='bbox 344 2003 397 2071; x_wconf 88' lang='lat' dir='ltr'>est,</span> <span class='ocrx_word' id='word_1_121' title='bbox 413 2001 502 2057; x_wconf 84' lang='lat' dir='ltr'>verba</span> <span class='ocrx_word' id='word_1_122' title='bbox 515 2001 545 2056; x_wconf 88' lang='lat' dir='ltr'>et</span> <span class='ocrx_word' id='word_1_123' title='bbox 560 2017 729 2073; x_wconf 82' lang='lat' dir='ltr'>componere</span> <span class='ocrx_word' id='word_1_124' title='bbox 741 1997 859 2055; x_wconf 77' lang='lat' dir='ltr'>fraudes</span> <span class='ocrx_word' id='word_1_125' title='bbox 872 2019 878 2054; x_wconf 96' lang='lat'><strong>:</strong></span> 
     </span>
     <span class='ocr_line' id='line_1_19' title="bbox 117 2096 751 2172; baseline -0.003 -16"><span class='ocrx_word' id='word_1_126' title='bbox 117 2099 183 2158; x_wconf 87' lang='lat' dir='ltr'>Hoc</span> <span class='ocrx_word' id='word_1_127' title='bbox 196 2118 290 2156; x_wconf 90' lang='lat' dir='ltr'>unum</span> <span class='ocrx_word' id='word_1_128' title='bbox 304 2097 407 2156; x_wconf 76' lang='lat' dir='ltr'>didicit</span> <span class='ocrx_word' id='word_1_129' title='bbox 419 2096 529 2155; x_wconf 80' lang='lat' dir='ltr'>femina</span> <span class='ocrx_word' id='word_1_130' title='bbox 543 2115 657 2172; x_wconf 88' lang='lat' dir='ltr'>semper</span> <span class='ocrx_word' id='word_1_131' title='bbox 670 2115 751 2172; x_wconf 87' lang='lat' dir='ltr'>opus.</span> 
     </span>
     <span class='ocr_line' id='line_1_20' title="bbox 79 2195 746 2272; baseline -0.006 -16"><span class='ocrx_word' id='word_1_132' title='bbox 79 2198 146 2256; x_wconf 85' lang='lat' dir='ltr'>Non</span> <span class='ocrx_word' id='word_1_133' title='bbox 160 2197 200 2256; x_wconf 91' lang='lat' dir='ltr'>sic</span> <span class='ocrx_word' id='word_1_134' title='bbox 213 2197 325 2255; x_wconf 86' lang='lat' dir='ltr'>incerto</span> <span class='ocrx_word' id='word_1_135' title='bbox 338 2199 492 2255; x_wconf 88' lang='lat' dir='ltr'>mutantur</span> <span class='ocrx_word' id='word_1_136' title='bbox 504 2195 621 2253; x_wconf 90' lang='lat' dir='ltr'>fiamine</span> <span class='ocrx_word' id='word_1_137' title='bbox 637 2195 746 2272; x_wconf 78' lang='lat' dir='ltr'>Syrtes,</span> 
     </span>
     <span class='ocr_line' id='line_1_21' title="bbox 119 2293 755 2366; baseline -0.005 -12"><span class='ocrx_word' id='word_1_138' title='bbox 119 2296 181 2355; x_wconf 88' lang='lat' dir='ltr'>Nea</span> <span class='ocrx_word' id='word_1_139' title='bbox 193 2295 265 2353; x_wconf 82' lang='lat' dir='ltr'>folia</span> <span class='ocrx_word' id='word_1_140' title='bbox 277 2294 398 2353; x_wconf 89' lang='lat' dir='ltr'>hiberno</span> <span class='ocrx_word' id='word_1_141' title='bbox 411 2298 473 2354; x_wconf 91' lang='lat' dir='ltr'>tam</span> <span class='ocrx_word' id='word_1_142' title='bbox 485 2293 656 2353; x_wconf 84' lang='lat' dir='ltr'>tremefacta</span> <span class='ocrx_word' id='word_1_143' title='bbox 668 2293 755 2366; x_wconf 86' lang='lat' dir='ltr'>Noto,</span> 
     </span>
     <span class='ocr_line' id='line_1_22' title="bbox 26 2392 931 2464; baseline -0.007 -10"><span class='ocrx_word' id='word_1_144' title='bbox 26 2424 28 2429; x_wconf 50' lang='lat'><strong>⁴</strong></span> <span class='ocrx_word' id='word_1_145' title='bbox 80 2396 175 2461; x_wconf 77' lang='lat' dir='ltr'>Quam</span> <span class='ocrx_word' id='word_1_146' title='bbox 189 2395 246 2453; x_wconf 90' lang='lat' dir='ltr'>citc</span> <span class='ocrx_word' id='word_1_147' title='bbox 259 2393 386 2453; x_wconf 77' lang='lat' dir='ltr'>feminea</span> <span class='ocrx_word' id='word_1_148' title='bbox 398 2413 458 2451; x_wconf 90' lang='lat' dir='ltr'>non</span> <span class='ocrx_word' id='word_1_149' title='bbox 471 2396 585 2450; x_wconf 89' lang='lat' dir='ltr'>constat</span> <span class='ocrx_word' id='word_1_150' title='bbox 598 2392 701 2451; x_wconf 79' lang='lat' dir='ltr'>foedus</span> <span class='ocrx_word' id='word_1_151' title='bbox 713 2393 745 2451; x_wconf 89' lang='lat' dir='ltr'>in</span> <span class='ocrx_word' id='word_1_152' title='bbox 758 2393 810 2464; x_wconf 87' lang='lat' dir='ltr'>ira,</span> <span class='ocrx_word' id='word_1_153' title='bbox 895 2397 931 2448; x_wconf 82' lang='lat'>35</span> 
     </span>
     <span class='ocr_line' id='line_1_23' title="bbox 122 2493 766 2569; baseline -0.006 -15"><span class='ocrx_word' id='word_1_154' title='bbox 122 2496 190 2554; x_wconf 84' lang='lat' dir='ltr'>Sive</span> <span class='ocrx_word' id='word_1_155' title='bbox 205 2515 239 2554; x_wconf 88' lang='lat' dir='ltr'>ea</span> <span class='ocrx_word' id='word_1_156' title='bbox 251 2514 338 2553; x_wconf 91' lang='lat' dir='ltr'>causa</span> <span class='ocrx_word' id='word_1_157' title='bbox 352 2494 448 2569; x_wconf 87' lang='lat' dir='ltr'>gravis</span> <span class='ocrx_word' id='word_1_158' title='bbox 463 2493 523 2552; x_wconf 87' lang='lat' dir='ltr'>sive</span> <span class='ocrx_word' id='word_1_159' title='bbox 537 2513 571 2551; x_wconf 91' lang='lat' dir='ltr'>ea</span> <span class='ocrx_word' id='word_1_160' title='bbox 581 2512 671 2551; x_wconf 89' lang='lat' dir='ltr'>causa</span> <span class='ocrx_word' id='word_1_161' title='bbox 682 2493 766 2550; x_wconf 86' lang='lat' dir='ltr'>levis.</span> 
     </span>
     <span class='ocr_line' id='line_1_24' title="bbox 83 2591 896 2670; baseline -0.009 -17"><span class='ocrx_word' id='word_1_162' title='bbox 83 2595 179 2664; x_wconf 85' lang='lat' dir='ltr'>Nunc,</span> <span class='ocrx_word' id='word_1_163' title='bbox 196 2594 333 2670; x_wconf 86' lang='lat' dir='ltr'>queniam</span> <span class='ocrx_word' id='word_1_164' title='bbox 345 2593 403 2652; x_wconf 91' lang='lat' dir='ltr'>ista</span> <span class='ocrx_word' id='word_1_165' title='bbox 415 2592 471 2653; x_wconf 91' lang='lat' dir='ltr'>tibi</span> <span class='ocrx_word' id='word_1_166' title='bbox 483 2592 596 2669; x_wconf 78' lang='lat' dir='ltr'>placuit</span> <span class='ocrx_word' id='word_1_167' title='bbox 609 2591 762 2664; x_wconf 89' lang='lat' dir='ltr'>sententia,</span> <span class='ocrx_word' id='word_1_168' title='bbox 779 2591 896 2650; x_wconf 83' lang='lat' dir='ltr'>cedam:</span> 
     </span>
     <span class='ocr_line' id='line_1_25' title="bbox 123 2689 789 2768; baseline -0.005 -18"><span class='ocrx_word' id='word_1_169' title='bbox 123 2691 203 2765; x_wconf 81' lang='lat' dir='ltr'>Tela,</span> <span class='ocrx_word' id='word_1_170' title='bbox 218 2711 327 2768; x_wconf 85' lang='lat' dir='ltr'>precer,</span> <span class='ocrx_word' id='word_1_171' title='bbox 343 2692 436 2768; x_wconf 85' lang='lat' dir='ltr'>pueri,</span> <span class='ocrx_word' id='word_1_172' title='bbox 452 2691 575 2768; x_wconf 85' lang='lat' dir='ltr'>premite</span> <span class='ocrx_word' id='word_1_173' title='bbox 589 2695 676 2749; x_wconf 87' lang='lat' dir='ltr'>acuta</span> <span class='ocrx_word' id='word_1_174' title='bbox 688 2689 789 2764; x_wconf 88' lang='lat' dir='ltr'>magis,</span> 
     </span>
     <span class='ocr_line' id='line_1_26' title="bbox 83 2787 871 2866; baseline -0.004 -18"><span class='ocrx_word' id='word_1_175' title='bbox 83 2790 181 2865; x_wconf 81' lang='lat' dir='ltr'>Figite</span> <span class='ocrx_word' id='word_1_176' title='bbox 194 2792 349 2862; x_wconf 86' lang='lat' dir='ltr'>certantes,</span> <span class='ocrx_word' id='word_1_177' title='bbox 366 2794 454 2866; x_wconf 90' lang='lat' dir='ltr'>atqua</span> <span class='ocrx_word' id='word_1_178' title='bbox 468 2791 543 2849; x_wconf 91' lang='lat' dir='ltr'>hanc</span> <span class='ocrx_word' id='word_1_179' title='bbox 556 2790 630 2848; x_wconf 89' lang='lat' dir='ltr'>mihi</span> <span class='ocrx_word' id='word_1_180' title='bbox 643 2789 747 2848; x_wconf 87' lang='lat' dir='ltr'>solvite</span> <span class='ocrx_word' id='word_1_181' title='bbox 760 2787 871 2847; x_wconf 87' lang='lat' dir='ltr'>vitam:</span> 
     </span>
     <span class='ocr_line' id='line_1_27' title="bbox 125 2888 936 2964; baseline -0.01 -16"><span class='ocrx_word' id='word_1_182' title='bbox 125 2889 250 2964; x_wconf 82' lang='lat' dir='ltr'>Sanguis</span> <span class='ocrx_word' id='word_1_183' title='bbox 264 2889 321 2948; x_wconf 89' lang='lat' dir='ltr'>erit</span> <span class='ocrx_word' id='word_1_184' title='bbox 333 2889 416 2948; x_wconf 88' lang='lat' dir='ltr'>vobis</span> <span class='ocrx_word' id='word_1_185' title='bbox 429 2889 557 2948; x_wconf 86' lang='lat' dir='ltr'>maxima</span> <span class='ocrx_word' id='word_1_186' title='bbox 569 2888 666 2964; x_wconf 89' lang='lat' dir='ltr'>palma</span> <span class='ocrx_word' id='word_1_187' title='bbox 679 2905 770 2944; x_wconf 91' lang='lat' dir='ltr'>meus.</span> <span class='ocrx_word' id='word_1_188' title='bbox 899 2888 936 2941; x_wconf 83' lang='lat'>40</span> 
     </span>
     <span class='ocr_line' id='line_1_28' title="bbox 86 2987 696 3063; baseline -0.008 -15"><span class='ocrx_word' id='word_1_189' title='bbox 86 2989 188 3048; x_wconf 92' lang='lat' dir='ltr'>Sidera</span> <span class='ocrx_word' id='word_1_190' title='bbox 202 2993 271 3048; x_wconf 89' lang='lat' dir='ltr'>sunt</span> <span class='ocrx_word' id='word_1_191' title='bbox 284 2991 374 3047; x_wconf 84' lang='lat' dir='ltr'>testes</span> <span class='ocrx_word' id='word_1_192' title='bbox 389 2992 418 3047; x_wconf 87' lang='lat' dir='ltr'>et</span> <span class='ocrx_word' id='word_1_193' title='bbox 431 2988 577 3046; x_wconf 86' lang='lat' dir='ltr'>matutina</span> <span class='ocrx_word' id='word_1_194' title='bbox 589 2987 696 3063; x_wconf 87' lang='lat' dir='ltr'>pruina</span> 
     </span>
     <span class='ocr_line' id='line_1_29' title="bbox 125 3083 717 3162; baseline -0.007 -17"><span class='ocrx_word' id='word_1_195' title='bbox 125 3089 165 3147; x_wconf 89' lang='lat' dir='ltr'>Et</span> <span class='ocrx_word' id='word_1_196' title='bbox 174 3087 281 3146; x_wconf 79' lang='lat' dir='ltr'>furtim</span> <span class='ocrx_word' id='word_1_197' title='bbox 292 3086 397 3145; x_wconf 86' lang='lat' dir='ltr'>misero</span> <span class='ocrx_word' id='word_1_198' title='bbox 410 3088 499 3144; x_wconf 89' lang='lat' dir='ltr'>ianua</span> <span class='ocrx_word' id='word_1_199' title='bbox 513 3089 613 3162; x_wconf 89' lang='lat' dir='ltr'>aperta</span> <span class='ocrx_word' id='word_1_200' title='bbox 626 3083 717 3142; x_wconf 89' lang='lat' dir='ltr'>mihi:</span> 
     </span>
     <span class='ocr_line' id='line_1_30' title="bbox 87 3186 766 3261; baseline -0.01 -15"><span class='ocrx_word' id='word_1_201' title='bbox 87 3188 129 3246; x_wconf 80' lang='lat' dir='ltr'>Te</span> <span class='ocrx_word' id='word_1_202' title='bbox 142 3186 219 3244; x_wconf 85' lang='lat' dir='ltr'>nihil</span> <span class='ocrx_word' id='word_1_203' title='bbox 232 3186 264 3244; x_wconf 90' lang='lat' dir='ltr'>in</span> <span class='ocrx_word' id='word_1_204' title='bbox 278 3186 340 3244; x_wconf 89' lang='lat' dir='ltr'>vita</span> <span class='ocrx_word' id='word_1_205' title='bbox 353 3186 436 3243; x_wconf 89' lang='lat' dir='ltr'>nobis</span> <span class='ocrx_word' id='word_1_206' title='bbox 449 3186 597 3261; x_wconf 87' lang='lat' dir='ltr'>acceptius</span> <span class='ocrx_word' id='word_1_207' title='bbox 610 3202 766 3259; x_wconf 88' lang='lat' dir='ltr'>umquam:</span> 
     </span>
    </p>
   </div>
   <div class='ocr_carea' id='block_1_3' title="bbox 125 3278 993 3416">
    <p class='ocr_par' dir='ltr' id='par_1_3' title="bbox 125 3278 993 3416">
     <span class='ocr_line' id='line_1_31' title="bbox 125 3278 870 3364; baseline -0.016 -19"><span class='ocrx_word' id='word_1_208' title='bbox 125 3286 155 3344; x_wconf 87' lang='lat' dir='ltr'>N</span> <span class='ocrx_word' id='word_1_209' title='bbox 155 3305 213 3345; x_wconf 90' lang='lat' dir='ltr'>unc</span> <span class='ocrx_word' id='word_1_210' title='bbox 226 3305 343 3362; x_wconf 86' lang='lat' dir='ltr'>quoque</span> <span class='ocrx_word' id='word_1_211' title='bbox 357 3285 421 3361; x_wconf 87' lang='lat' dir='ltr'>eris,</span> <span class='ocrx_word' id='word_1_212' title='bbox 438 3284 575 3364; x_wconf 82' lang='lat' dir='ltr'>quamvis</span> <span class='ocrx_word' id='word_1_213' title='bbox 588 3283 632 3344; x_wconf 83' lang='lat' dir='ltr'>sic</span> <span class='ocrx_word' id='word_1_214' title='bbox 641 3280 770 3341; x_wconf 69' lang='lat' dir='ltr'>immacu</span> <span class='ocrx_word' id='word_1_215' title='bbox 777 3278 870 3336; x_wconf 62' lang='lat' dir='ltr'>mum.</span> 
     </span>
     <span class='ocr_line' id='line_1_32' title="bbox 952 3367 993 3416; baseline -0.049 0"><span class='ocrx_word' id='word_1_216' title='bbox 952 3367 993 3416; x_wconf 54' lang='grc' dir='ltr'>δέ)</span> 
     </span>
    </p>
   </div>
   <div class='ocr_carea' id='block_1_4' title="bbox 46 3374 817 3468">
    <p class='ocr_par' dir='ltr' id='par_1_4' title="bbox 46 3374 817 3468">
     <span class='ocr_line' id='line_1_33' title="bbox 46 3374 817 3468; baseline -0.008 -27"><span class='ocrx_word' id='word_1_217' title='bbox 46 3374 51 3381; x_wconf 71' lang='grc'><strong>’</strong></span> <span class='ocrx_word' id='word_1_218' title='bbox 75 3385 140 3442; x_wconf 82' lang='lat' dir='ltr'>Nec</span> <span class='ocrx_word' id='word_1_219' title='bbox 153 3384 270 3444; x_wconf 88' lang='lat' dir='ltr'>domina</span> <span class='ocrx_word' id='word_1_220' title='bbox 284 3385 349 3446; x_wconf 88' lang='lat' dir='ltr'>ulla</span> <span class='ocrx_word' id='word_1_221' title='bbox 362 3407 430 3448; x_wconf 86' lang='lat' dir='ltr'>meo</span> <span class='ocrx_word' id='word_1_222' title='bbox 444 3392 544 3468; x_wconf 84' lang='lat' dir='ltr'>ponet</span> <span class='ocrx_word' id='word_1_223' title='bbox 557 3384 697 3462; x_wconf 72' lang='lat' dir='ltr'>uestigia</span> <span class='ocrx_word' id='word_1_224' title='bbox 703 3382 794 3440; x_wconf 81' lang='lat' dir='ltr'>lectu</span> <span class='ocrx_word' id='word_1_225' title='bbox 804 3399 817 3435; x_wconf 87' lang='lat'>·.</span> 
     </span>
    </p>
   </div>
   <div class='ocr_carea' id='block_1_5' title="bbox 0 0 1080 3728">
    <p class='ocr_par' dir='ltr' id='par_1_5' title="bbox 0 0 1080 3728">
     <span class='ocr_line' id='line_1_34' title="bbox 0 0 1080 3728; baseline 0 0"><span class='ocrx_word' id='word_1_226' title='bbox 0 0 1080 3728; x_wconf 95' lang='lat' dir='ltr'> </span> 
     </span>
    </p>
   </div>
  </div>
 </body>
</html>
