2122 3728
287 215 505 276 PROPERTII
525 217 585 277 aL.
607 219 633 293 1,
652 224 760 283 1415.
916 226 951 284 17

99 374 181 440 Quae
194 374 268 433 mihi
281 374 352 432 dum
364 375 480 451 placate
493 375 594 449 aderit,
611 397 670 437 non
683 379 746 471 ulla
759 382 880 441 verebor

137 473 240 548 Regna
252 473 300 533 vel
313 473 431 531 Alcinoi
443 493 565 534 munera
578 475 734 553 despicere.

496 682 545 722 XV.

99 794 190 869 Saepe
205 813 258 868 ego
271 795 367 852 multa
378 797 449 854 tuae
462 795 593 854 levitatis
606 797 679 856 dura
691 797 839 873 timebam,

137 893 202 951 Hac
215 896 315 952 tamen
327 897 459 970 excepta,
477 895 613 972 Cynthia,
629 896 760 972 perfidia.

98 991 204 1067 Aspice
218 1011 264 1051 me
278 995 389 1069 quanto
402 993 499 1069 rapiat
510 992 631 1052 fortuna
643 994 751 1071 periclo
764 1017 771 1054 :

137 1090 183 1148 Tu
195 1093 296 1149 tamen
307 1090 340 1148 in
352 1093 452 1149 nostro
465 1092 547 1150 lenta
556 1091 660 1150 timore
673 1093 765 1152 venis.

98 1188 138 1246 Et
150 1191 232 1263 potes
244 1190 396 1247 hesternos
408 1189 543 1248 manibus
556 1209 725 1266 componere
739 1192 832 1252 crines
932 1200 949 1253 5

137 1288 178 1346 Et
189 1288 277 1362 longa
289 1286 394 1346 faeiem
408 1307 546 1364 quaerere
560 1289 678 1362 desidia,

98 1385 128 1443 N
128 1405 160 1444 ec
173 1386 270 1443 minus
283 1385 352 1444 Eois
365 1389 468 1462 peetus
481 1387 593 1445 variare
606 1387 726 1463 lapillis,

137 1484 179 1543 Ut
191 1484 316 1543 formosa
327 1503 402 1544 novo
417 1504 491 1561 quae
504 1488 589 1561 parat
601 1485 645 1544 ire
657 1485 730 1543 viro.

98 1583 140 1641 At
152 1602 213 1642 non
225 1583 266 1642 sic
280 1583 376 1641 Ithaci
390 1583 522 1658 digressu
536 1586 616 1648 mota
630 1584 756 1660 Calypso

136 1681 267 1740 Desertis
281 1680 351 1740 olim
363 1681 485 1740 fleverat
498 1682 689 1758 aequo1ibus:
912 1688 947 1743 10

98 1779 209 1838 Multos
221 1779 274 1837 illa
286 1779 348 1838 dies
359 1777 515 1855 incomptis
527 1784 639 1839 maesta
652 1778 765 1856 capillis

137 1878 257 1938 Sederat
269 1878 379 1937 iniusto
391 1879 486 1937 multa
498 1878 598 1936 locuta
611 1878 680 1951 salo,

98 1976 137 2035 Et
150 1976 283 2053 quamvis
295 1995 456 2052 numquam
469 1977 607 2052 posthaec
620 1975 728 2048 visita,
744 1976 860 2036 dolebat

136 2075 196 2135 Illa
208 2078 306 2134 temen
319 2075 423 2149 longae
437 2073 550 2132 conseia
563 2072 702 2132 laetitiae.

96 2173 159 2232 Nec
173 2173 213 2232 sic
227 2171 393 2231 Aesoniden
404 2171 586 2248 rapientibus
600 2171 689 2230 anxia
701 2171 798 2232 ventis
911 2177 947 2232 15

135 2272 303 2350 Hypsipyle
316 2291 408 2332 vacuo
422 2271 556 2330 constitit
568 2271 601 2329 in
613 2272 741 2330 thalamo
753 2292 761 2329 ε

96 2371 263 2450 Hypsipyle
275 2371 373 2430 nullos
386 2370 504 2447 postilla
518 2369 609 2428 sensit
622 2389 740 2443 amores,

134 2470 177 2530 Ut
191 2470 279 2529 semel
291 2468 453 2528 Haemonio
466 2468 564 2527 tabuit
577 2467 712 2544 hospitio.

97 2570 234 2645 Coniugis
247 2569 367 2628 Euadne
380 2568 499 2628 miseros
513 2569 590 2628 elata
602 2589 654 2645 per
667 2569 750 2643 ignes

135 2668 256 2741 Occidit,
271 2668 399 2743 Argivae
411 2667 490 2726 fama
502 2667 669 2742 pudicitiae.
908 2670 945 2723 20

46 2774 83 2817 (¹⁶)
96 2766 290 2842 Alphesiboea
303 2785 370 2824 suos
382 2766 447 2824 ulta
461 2769 506 2825 est
518 2785 570 2842 pro
584 2765 707 2840 coniuge
720 2764 834 2836 tratres,

45 2859 91 2921 (lo
136 2864 292 2940 Sanguinis
305 2867 336 2923 et
349 2863 408 2922 cari
421 2862 539 2923 vincula
552 2862 634 2939 rupit
647 2881 735 2920 amor.

97 2964 227 3030 Quarum
238 2965 323 3023 nulla
335 2966 402 3022 tuos
414 2961 511 3039 potuit
525 2964 691 3020 convertere
704 2979 805 3032 mores,

135 3063 181 3122 Tu
193 3082 311 3141 quoque
323 3062 370 3120 uti
381 3062 466 3120 fieres
478 3060 584 3120 nobilis
596 3059 726 3119 historia.

96 3161 422 3220 Desineiamrcvocare
434 3157 495 3218 tuis
507 3157 636 3235 periuria
649 3157 755 3229 verbis,
906 3161 944 3215 25

137 3260 271 3338 Cynthia,
287 3263 318 3318 et
331 3257 435 3317 oblitos
448 3277 533 3334 parce
547 3277 662 3317 movere
675 3257 760 3316 deos:

99 3360 212 3432 Audax,
228 3361 266 3419 ah
278 3359 402 3418 nimium
415 3361 513 3417 nostro
527 3358 654 3418 dolitura
666 3357 784 3435 pendo,

511 3475 526 3514 c
