2122 3728
107 243 143 293 54
318 233 535 292 PROPERTII
556 231 616 290 EL.
632 230 676 302 ΙΙ,
693 234 740 287 23.

146 393 255 468 Captus
269 394 299 450 et
311 390 452 450 inmunda
465 409 550 466 saepe
563 390 653 448 latere
668 388 754 448 oasa?
923 389 958 441 10

108 494 202 558 Quam
215 510 279 549 aare
294 490 382 549 semel
395 489 427 546 in
439 491 502 548 toto
515 508 576 546 nox
589 487 716 546 vertitur
730 486 823 546 anno!

146 592 195 649 Ah
208 591 336 666 pereant,
353 589 378 646 si
392 608 464 664 quos
477 588 566 645 ianua
579 589 676 646 olausa
688 586 789 646 iuvat!

107 691 222 760 Contra,
238 689 346 748 reiecto
360 707 434 765 quae
447 687 540 746 libera
553 687 634 745 vadit
648 686 765 756 amictu,

147 788 305 846 Custodum
319 790 350 846 et
362 786 445 844 nullo
458 788 559 860 saepta
571 784 682 855 timore,
697 784 803 860 placet,

109 887 163 945 Cui
177 905 261 961 saepe
274 886 414 944 inmundo
429 884 516 942 Sacra
530 882 690 941 conteritur
702 882 758 941 Via
771 900 861 954 soooo,
923 885 960 938 1⁵

55 972 57 976 ¹
147 986 177 1043 N
178 1004 209 1043 eo
224 985 295 1042 sinit
308 1003 369 1042 esse
382 1001 498 1054 moram,
516 981 540 1040 si
554 981 620 1058 quis
634 981 711 1039 adire
724 979 807 1039 velit.

108 1084 234 1142 Differet
245 1085 317 1141 haee
330 1062 498 1158 numquam,
513 1099 567 1137 neo
584 1082 683 1155 posoet
696 1079 821 1154 garrula,
838 1078 917 1155 quod
929 1081 961 1135 te

149 1182 297 1240 Astriotus
310 1181 405 1256 ploret
418 1199 502 1255 saepe
515 1179 627 1237 dedisse
639 1181 731 1254 pater,

110 1283 172 1340 Neo
185 1282 263 1340 dicet
275 1302 282 1339 :
308 1285 327 1313 “
338 1280 437 1337 Timeo
448 1295 456 1339 e
466 1266 600 1354 'propera
611 1277 669 1334 iam
683 1295 813 1354 surgere,
823 1294 948 1352 quaeso:

150 1378 271 1450 Infelix,
286 1377 372 1436 hodie
385 1376 432 1435 vir
445 1375 519 1433 mihi
530 1394 598 1433 rure
611 1375 723 1433 venit.’'
922 1378 961 1430 20

111 1483 150 1539 Et
164 1500 236 1557 quas
249 1480 415 1556 Euphrates
429 1482 459 1537 et
472 1498 545 1555 quas
558 1477 631 1536 mihi
644 1476 723 1535 misit
737 1477 869 1548 Orontes,

150 1580 199 1637 Me
212 1577 339 1637 iuerint:
361 1577 452 1635 nolim
465 1575 547 1634 furta
559 1575 665 1652 pudica
677 1575 743 1646 tori,

111 1678 244 1736 Libertas
258 1675 396 1754 quoniam
408 1675 485 1732 nulli
498 1674 557 1732 iam
569 1677 662 1732 restat
674 1672 792 1744 amanti,

150 1776 260 1834 Nullus
272 1775 347 1833 liber
361 1773 425 1846 erit,
441 1774 466 1831 si
479 1772 546 1850 quis
559 1792 654 1831 amare
667 1773 754 1830 volet.

18 1889 98 1938 [anu]
115 1877 132 1904 “
142 1873 187 1930 Tu
200 1871 337 1949 loqueris,
354 1891 420 1930 oum
434 1871 543 1928 siriam
555 1874 624 1929 noto
638 1871 737 1929 fabula
749 1869 834 1942 libro,
926 1874 964 1926 25

152 1970 192 2028 at
204 1974 257 2028 tua
271 1970 309 2029 sit
321 1973 383 2028 toto
398 1969 526 2046 Cynthia
538 1969 615 2027 lecta
626 1969 689 2026 foro
700 1968 731 2027 ?”

113 2069 168 2127 Cui
182 2089 240 2127 nou
252 2069 299 2127 his
311 2069 408 2127 verbis
422 2072 556 2145 aspergat
568 2072 699 2144 tempora
712 2066 822 2126 sudor?

152 2170 215 2227 Aut
227 2169 321 2245 pudor
333 2169 478 2243 ingenuis,
495 2172 546 2227 aut
559 2169 723 2227 reticendus
737 2187 824 2225 amor.

65 2286 92 2328 (ὁ)
114 2268 198 2332 Quod
212 2268 237 2325 si
249 2271 310 2326 tam
323 2267 418 2326 facilis
432 2267 556 2343 spiraret
570 2267 697 2344 Cynthia
709 2265 801 2336 nobis,

152 2366 218 2423 Non
233 2385 285 2442 ego
299 2365 449 2444 nequitiae
462 2365 572 2424 dicerer
585 2385 646 2424 esse
661 2368 756 2440 eaput,
929 2368 966 2419 30

113 2464 143 2520 N
143 2483 174 2522 eo
189 2464 230 2522 sio
243 2485 297 2541 per
309 2469 402 2524 totam
415 2464 532 2523 infamis
544 2465 711 2523 traducerer
723 2464 834 2533 urbem,

152 2565 261 2624 Ureret·
275 2568 305 2624 et
317 2565 459 2642 quamvis,
474 2584 532 2623 noa
545 2565 618 2623 milti
628 2566 717 2622 verba
729 2564 835 2622 darem.

114 2664 210 2728 Quare
223 2682 261 2721 ne
276 2663 332 2722 tibi
346 2663 385 2721 sit
397 2663 505 2720 mirum
517 2682 563 2720 me
578 2682 716 2738 quaerere
729 2661 821 2719 viles:

55 2777 91 2819 (ιο)
152 2761 272 2820 Parcius
283 2760 448 2819 infamant:
470 2779 542 2818 num
555 2759 611 2818 tibi
625 2777 711 2818 eausa
722 2759 795 2818 levis
806 2757 819 2817 P

113 2861 153 2918 Et
166 2861 250 2917 modo
262 2860 383 2936 pavonis
398 2860 504 2918 caudae
517 2859 635 2917 flabella
648 2860 787 2935 superbae
931 2863 968 2914 35

152 2959 192 3016 Et
205 2959 339 3016 manibus
352 2957 426 3015 dura
437 2957 533 3032 frigus
545 2958 652 3016 habere
664 2957 734 3033 pila,

112 3058 152 3114 Et
165 3056 245 3132 eupit
261 3056 372 3115 iratum
385 3056 460 3114 talos
473 3076 519 3115 me
532 3076 648 3132 poscere
663 3058 786 3114 eburnos

151 3153 291 3230 Quaeque
305 3155 403 3213 nitent
418 3154 505 3213 Sacra
518 3155 590 3213 vilia
602 3155 678 3212 dona
690 3155 755 3212 Via.

53 3264 89 3306 (1⁵)
110 3252 159 3308 Ah
171 3270 297 3326 peream,
313 3253 338 3310 si
352 3272 398 3311 me
410 3252 468 3311 ista
480 3256 600 3311 movent
612 3252 779 3328 dispendia:
803 3252 850 3309 sed
861 3271 909 3310 me

131 3349 253 3410 Fallaoi
264 3351 404 3415 dominae
419 3352 480 3416 iam
493 3353 591 3433 pudet
604 3371 668 3412 esse
678 3351 789 3409 iseum.
938 3355 978 3402 et
