2122 3728
438 211 562 272 LIBER
581 213 627 272 ΙΙ.
877 264 882 273 ,
901 212 955 270 xix

102 369 199 428 dicere
219 370 305 440 velle,
327 371 481 430 Nestorem
503 371 620 431 felicius
642 371 675 430 in
694 372 772 430 bello
792 371 956 448 periturum

100 468 203 542 fuisse,
220 489 309 546 quam
321 471 409 546 longo
423 474 454 529 et
473 471 578 530 misero
592 491 662 531 aevo
675 471 708 528 in
720 490 791 547 pace
804 471 954 547 producto.

102 567 230 626 Bellicus
244 588 462 644 saepenumero
476 571 553 646 apud
566 559 752 646 Propertium
765 569 900 628 occurrit.

146 671 192 725 13.
216 672 263 725 53.
285 669 336 744 qai
353 667 431 740 libri,
453 671 552 728 recte:
575 669 613 728 of.
639 670 692 729 Ov.
713 669 787 729 Her.
809 673 856 726 20.
880 672 954 726 101:

103 765 200 825 Testis
214 766 271 825 erit
281 767 437 844 Calydonis
451 787 528 844 aper.
563 769 610 826 cai
622 768 662 840 H,
679 767 782 826 econi.
797 766 955 825 Huschkii.

146 869 192 922 13.
216 869 263 924 55.
286 866 402 924 iacuisse
421 865 460 937 N,
475 866 516 924 H.
559 865 656 924 laciaco
675 865 805 940 Scaliger
817 884 854 923 ex
867 865 957 923 Peru-

104 962 177 1035 sino,
204 983 262 1040 quo
285 964 362 1022 nihil
382 965 481 1024 verius
501 984 641 1042 umquam
666 964 735 1037 fuit,
761 966 798 1023 ab
824 963 958 1022 omnibus

103 1063 175 1122 licet
187 1065 356 1138 neglectum
369 1065 416 1124 sit.
669 1127 674 1134 ,

146 1167 192 1221 13.
216 1168 263 1221 58.
285 1165 337 1240 qaa'
356 1164 386 1221 N
408 1163 567 1222 verissime.
612 1165 681 1240 qaid
701 1163 743 1236 H,
768 1163 867 1238 vulgo.
910 1162 960 1238 qui

103 1261 275 1339 (quomodo)
285 1282 399 1337 possam
412 1263 582 1321 sollemnem
593 1283 681 1321 usum
693 1264 829 1321 habebat.
1005 1334 1007 1338 .

147 1364 193 1419 14.
218 1366 265 1419 16.
288 1362 395 1420 condito
419 1361 458 1420 N.
510 1362 630 1421 conditio
656 1349 755 1436 vulgo.
810 1361 957 1418 Intactam

103 1459 214 1536 reliqui
237 1460 389 1534 vulgatam
410 1461 585 1536 scripturam
607 1458 740 1537 quamvis
763 1459 796 1516 in
816 1457 958 1517 Perusino

102 1558 247 1617 mirabilis
274 1559 419 1636 corruptio
447 1558 565 1630 existat,
591 1559 712 1616 conditio
734 1558 851 1628 emeriti,
879 1556 958 1614 unde

103 1657 175 1714 olim
202 1656 312 1716 conieci
344 1658 455 1717 emerito
482 1658 584 1716 ciceri.
601 1657 705 1716 collato
738 1655 790 1714 illo
817 1655 958 1713 emeritam

103 1775 201 1831 rogum
225 1760 252 1814 4.
280 1761 326 1814 11.
351 1756 398 1814 72.
440 1757 611 1815 Notandum
634 1758 687 1830 est,
716 1755 746 1814 N
769 1754 876 1812 condito
899 1772 959 1811 non

104 1854 235 1926 conditio,
257 1855 366 1913 nedum
386 1856 507 1914 condicio
518 1855 675 1966 nelnhibere.
717 1852 802 1917 Quod
822 1850 897 1910 siin
913 1871 959 1908 ar-

105 1975 232 2050 chetypo
245 1974 387 2050 scriptum
397 1979 474 2034 esset
483 1937 595 2034 circuito
605 1974 694 2032 ciceri
702 1972 770 2050 (sio)
779 1971 899 2050 (condito
907 1989 960 2045 pro

105 2072 279 2146 glossemate
299 2073 336 2130 ad
355 2074 466 2132 emerito
487 2073 658 2149 adscripto)
680 2070 761 2130 vides
781 2070 860 2128 unde
879 2072 960 2126 utra·
1015 2139 1018 2145 .

105 2190 163 2247 que
175 2171 264 2230 lectio
278 2171 348 2230 oriri
360 2172 500 2248 potuerit.
532 2172 646 2237 Quibus
658 2170 757 2248 siquis
767 2168 957 2239 adsentietur,

104 2269 217 2329 videbit
229 2273 346 2346 poetam
354 2276 455 2348 optare
468 2290 527 2329 non
540 2275 602 2331 tam
616 2290 679 2330 sero
689 2270 743 2330 sibi
756 2274 855 2329 notam
868 2268 959 2327 luisse

106 2369 273 2446 cynthiam.

147 2471 194 2528 14.
215 2472 264 2526 29.
285 2469 375 2527 caniet
388 2468 427 2527 N.
448 2469 543 2527 veniat
555 2469 598 2528 H.
665 2472 711 2527 14.
727 2471 774 2528 30.
789 2466 906 2524 maasia
918 2464 957 2523 N.

146 2570 193 2624 15.
216 2566 244 2625 7.
267 2566 350 2624 lassos
363 2567 401 2625 N.
681 2570 728 2624 15.
751 2570 778 2624 8.
800 2565 865 2623 lecte
878 2563 917 2623 N.

147 2669 192 2722 15.
217 2670 262 2723 16.
284 2667 373 2724 audac
386 2666 425 2738 N,
437 2665 479 2724 H.
510 2665 761 2725 fortasseaitc'due.
801 2662 956 2722 cacan.

107 2767 134 2820 3.
150 2767 199 2823 44.

147 2867 193 2920 15.
218 2862 262 2920 17.
282 2861 643 2939 portarem-aborsu,
654 2862 695 2920 H.
717 2860 864 2920 ealuesN
867 2901 875 2917 .
890 2878 958 2934 per-

107 2960 334 3021 tendes-eubano
348 2962 392 3020 ed.
414 2961 507 3019 forma
519 2961 626 3021 vitiosa
639 2959 749 3019 culmis
761 2959 873 3034 iugata.
909 2959 959 3015 Ita

107 3062 174 3117 ante
187 3079 233 3118 me
247 3059 352 3118 Rivius
365 3061 402 3119 ad
416 3060 481 3119 Ter.
494 3061 572 3119 Nun.
584 3065 610 3119 1.
626 3064 652 3118 1.
665 3063 692 3132 6,
708 3059 787 3136 quod
799 3077 846 3116 me
859 3055 959 3115 docuit

107 3155 301 3216 Burmannus.

149 3258 193 3314 15.
216 3257 263 3315 37.
286 3261 372 3315 acum
385 3257 424 3315 N.
668 3261 713 3313 15.
736 3256 783 3314 47.
805 3255 865 3314 Noc
879 3254 916 3311 N.

149 3358 193 3414 15.
216 3360 263 3413 53.
288 3355 337 3414 stc
350 3375 478 3432 maguum
491 3355 567 3414 nolis
580 3356 631 3431 qui
642 3355 681 3413 N.
