2122 3728
299 270 518 343 ruoruarrr
539 285 598 343 un.
621 286 748 357 111,11.
909 295 946 345 sc

138 443 178 501 Et
194 443 304 502 totiens
317 447 415 501 nostro
429 443 560 519 Memphi
574 449 695 502 cruenta
709 445 794 517 malo,

98 543 168 601 Tres
182 543 233 601 ubi
247 543 383 619 Pompeio
397 543 528 602 detraxit
540 544 651 601 harena
663 544 845 620 triumphos!
910 551 946 602 35

134 642 230 700 Tollet
245 643 330 701 nulla
343 643 407 701 dies
418 643 494 700 hauc
508 642 572 714 tibi,
589 643 691 715 Roma,
707 647 816 701 notam.

99 743 116 799 Ι
118 747 196 801 ssent
209 742 369 817 Phlegraeo
384 743 489 801 melius
501 741 558 801 tibi
570 742 675 801 lunera
689 763 799 819 campo,

132 841 189 899 Vel
202 845 255 900 tua
269 841 294 899 si
309 861 405 900 socero
421 841 496 899 colla
509 841 632 900 daturus
646 862 718 901 eras.

95 941 213 1001 Scilicet
226 941 332 1000 incesti
344 940 485 1000 meretrix
498 941 600 1016 regina
614 941 733 1019 Canopi,

132 1041 199 1099 Una
212 1040 367 1117 Philippeo
381 1040 522 1116 sanguine
536 1041 641 1100 adusta
653 1045 732 1114 nota,
907 1049 944 1100 40

94 1140 175 1197 Ausa
188 1140 255 1199 Iovi
267 1143 367 1198 nostro
380 1140 537 1198 latrantem
552 1159 696 1216 opponere
708 1142 837 1214 Anubin,

132 1240 171 1298 Et
185 1238 314 1298 Tiberim
327 1238 391 1296 Nili
405 1257 507 1313 cogere
519 1238 597 1297 ferre
610 1238 713 1310 minas,

92 1337 309 1414 Romanamque
322 1338 424 1395 tubam
438 1337 595 1413 crepitanti
607 1338 717 1413 pellere
730 1337 824 1410 sistro,

132 1436 254 1494 Baridoa
269 1439 299 1494 et
313 1434 406 1493 contis
418 1439 513 1493 rostra
526 1435 658 1493 Liburna
672 1436 764 1512 sequi,

97 1533 252 1611 Foedaque
266 1533 390 1610 Tarpeio
404 1533 525 1610 conopia
537 1535 658 1592 tendere
672 1553 751 1604 saxo,
852 1602 855 1607 φ
906 1541 942 1592 45

133 1632 204 1690 Iura
217 1633 300 1691 darec
315 1636 427 1692 statuas
439 1633 518 1692 inter
531 1636 562 1691 et
575 1652 655 1691 arma
668 1632 767 1690 Mari?

95 1730 174 1795 Quid
186 1751 265 1790 nunc
276 1731 429 1808 Tarquinii
441 1731 550 1791 fractas
563 1732 647 1790 iuvat
660 1750 721 1789 esse
735 1751 857 1802 secures,

132 1828 257 1888 Nomine
271 1849 353 1906 quem
367 1830 455 1889 simili
468 1830 530 1889 vita
541 1831 666 1906 superba
677 1833 770 1900 notat,

96 1926 128 1984 Si
140 1927 246 1986 mulier
258 1927 397 2004 patienda
409 1927 490 1987 fuit?
511 1947 590 2004 cape,
606 1928 708 2001 Roma,
723 1929 916 2004 triumphum,

132 2027 172 2085 Et
184 2026 305 2101 longum
317 2030 454 2102 Augusto
469 2027 550 2084 salva
562 2046 680 2102 precare
693 2026 779 2085 diem.
906 2035 942 2085 50

92 2126 209 2201 Fugisti
221 2131 320 2186 tamen
330 2127 362 2184 in
375 2127 471 2186 timidi
481 2146 555 2203 rapa
566 2126 690 2185 flumina
702 2127 783 2186 Nili:

130 2226 276 2302 Accepere
289 2229 359 2285 tuae
372 2226 499 2284 Romula
511 2224 609 2284 vincla
621 2245 734 2285 manus.

92 2324 217 2383 Brachia
231 2324 360 2401 spectavi
373 2324 462 2382 sacris
475 2324 607 2382 admorsa
620 2325 756 2398 colubris,

131 2427 171 2484 Et
184 2426 300 2485 trahere
314 2425 461 2484 oecultum
471 2425 601 2482 membra
614 2427 723 2502 soporis
736 2427 803 2488 iter.

93 2532 112 2560 “
123 2526 153 2585 N
154 2547 191 2586 on
203 2528 266 2603 hoc,
279 2528 379 2599 Roma,
394 2526 440 2585 fui
452 2531 537 2585 tauto
549 2527 607 2587 tibi
620 2527 683 2587 cive
696 2530 854 2603 verenda,''
905 2537 941 2588 55

131 2625 227 2697 Dixit,
246 2631 265 2659 “
275 2630 305 2685 et
319 2625 434 2684 assiduo
447 2625 553 2700 lingua
568 2627 683 2703 sepulta
695 2629 804 2687 mero.’¹

92 2724 212 2800 Septem
224 2725 294 2782 urbs
308 2725 369 2783 alta
381 2723 468 2798 iugis,
485 2724 545 2782 totc'
558 2744 633 2801 quae
646 2727 794 2801 praesidet
807 2729 878 2800 orbi,

131 2823 273 2882 Femineas
287 2823 383 2881 almae
396 2822 498 2882 territa
510 2822 605 2881 Mara
618 2824 716 2882 minae.

44 2937 80 2982 (a)
91 2921 121 2980 N
122 2941 180 2981 unc
193 2922 245 2980 ubi
260 2921 411 2997 Scipiadae
425 2920 552 2979 classes?
572 2922 625 2979 ubi
638 2922 722 2996 signa
735 2923 874 2982 Camilli?
950 2907 952 2912 ’

132 3023 196 3081 Aut
207 3022 292 3081 modo
305 3021 442 3097 Pompeia
457 3021 616 3097 Bosphore,
633 3025 719 3096 capta
732 3022 844 3079 manu?
905 3030 941 3080 60

43 3123 79 3167 (⁸⁸)
92 3120 269 3180 Hannibalis
282 3119 374 3196 spolia
387 3123 418 3178 et
430 3119 504 3178 victi
515 3119 696 3177 monimenta
710 3118 860 3196 Syphacis,

131 3220 171 3278 llt
184 3219 292 3298 Pyrrhi
305 3219 469 3295 adnostros
482 3217 575 3293 gloria
587 3217 683 3276 fracta
696 3219 806 3294 pedes?

92 3318 211 3385 Curtius
224 3318 351 3395 expletis
365 3318 471 3377 statuit
483 3316 662 3376 monimenta
673 3317 795 3387 lacuum,
872 3313 885 3365 7

133 3416 264 3476 Admisso
278 3415 387 3476 Decius
400 3415 511 3492 praelia
523 3414 607 3490 rupit
621 3434 704 3492 equo,

504 3513 524 3552 a
