2122 3728
149 237 183 289 10
374 230 591 289 PROPERTII
613 231 672 289 ΕΒ.
688 233 714 303 I,
739 239 766 290 8.

185 390 338 448 Crudelem
352 388 459 448 infesta
473 407 557 464 saepo
569 409 672 448 vocare
684 391 791 450 manu!
876 382 882 392 ¹

145 490 202 548 Sed
215 507 399 565 quocumque
412 488 496 545 modo
510 488 545 546 dc
558 507 614 560 me,
629 488 746 564 periura
759 491 890 566 mereris,

184 589 231 648 Sit
244 588 366 647 Galatea
378 591 447 645 tuce
461 606 520 645 non
534 586 630 645 aliena
642 588 716 661 viae,

143 689 233 748 Utere
245 687 326 745 felici
338 689 494 762 praavccta
508 686 651 745 Ceraunia
662 707 751 761 remo,

181 784 317 869 Accipiat
329 783 451 860 placidis
465 784 564 867 Qicos
578 785 762 861 aequoribus.
861 853 865 860 ‚
960 796 1000 848 20

142 887 172 945 N
172 870 277 944 ammc
290 904 350 943 non
362 884 440 942 ullac
454 887 593 959 poterunt
607 904 789 962 corrumpere
802 889 915 961 taedae,

182 985 261 1050 Quin
274 1003 337 1058 ego,
352 982 423 1055 vita,
439 985 491 1040 tuo
504 983 606 1042 limina
618 1004 688 1043 vcra
701 1005 826 1061 querar:

143 1085 204 1142 Nec
217 1102 264 1140 me
277 1082 393 1141 deficiet
404 1087 511 1141 nautas
523 1082 650 1156 rogitare
664 1084 768 1143 citatos

184 1189 202 1216 “
214 1183 320 1254 Dicite,
336 1202 394 1259 quo
407 1185 495 1259 portu
508 1182 607 1240 clausa
618 1183 718 1258 puella
730 1203 795 1242 mea
808 1185 899 1245 cst?''

141 1285 181 1342 Et
193 1282 307 1342 dicam:
331 1288 351 1315 “
360 1282 431 1341 licet
442 1243 571 1341 Artaciis
585 1281 715 1341 considat
727 1283 759 1341 in
773 1284 840 1356 cris,
957 1292 996 1344 25

180 1387 220 1443 Et
233 1384 303 1443 licct
315 1383 454 1460 Hyllcis:
476 1383 529 1441 illa
541 1382 644 1441 futura
657 1403 721 1442 maa
734 1385 810 1443 est.’'

140 1719 198 1777 Hic
212 1717 291 1776 erat!
312 1717 360 1774 hic
374 1717 470 1774 iurata
483 1716 599 1774 manet!
620 1721 796 1792 rumpantur
808 1718 922 1795 iniqui!

57 1840 59 1844 ·
178 1817 326 1875 Vicimus!
348 1815 477 1874 assiduas
489 1835 549 1873 non
562 1815 635 1874 tulit
646 1816 699 1874 illa
711 1817 827 1891 preces!

139 1916 225 1974 Falsa
237 1916 307 1974 licet
321 1915 443 1991 cupidus
456 1916 582 1990 deponat
595 1916 701 1990 gaudia
713 1915 806 1973 livor:

176 2014 299 2073 Destitit
311 2013 354 2073 ire
367 2034 456 2074 novas
470 2015 599 2091 Cynthia
611 2019 711 2073 nostra
724 2015 797 2074 vias.
954 2024 991 2076 30

137 2114 190 2172 Illi
204 2134 286 2172 carus
300 2133 352 2188 ego
366 2116 397 2172 et
408 2132 462 2189 per
473 2133 520 2172 mc
534 2113 680 2172 carissima
693 2114 786 2173 Roma

176 2212 300 2286 Dicitur,
316 2216 346 2271 et
360 2211 421 2271 sinc
434 2232 481 2271 me
494 2212 592 2271 dulcia
604 2232 695 2287 regna
708 2217 806 2288 negat.

136 2312 196 2369 Illa
208 2311 256 2370 vel
270 2315 393 2386 angusto
406 2330 520 2370 mecum
533 2312 713 2388 requiescere
725 2313 802 2372 lecto

175 2410 214 2468 Et
228 2429 411 2487 quocumque
424 2411 508 2468 modo
521 2411 627 2469 maluit
641 2430 702 2469 esse
715 2431 789 2483 mea,

135 2509 229 2573 Quam
243 2508 298 2586 sibi
310 2509 425 2568 dotatae
438 2529 562 2584 regnum
575 2513 660 2569 vetus
672 2509 895 2586 Hippodamiae,
951 2518 988 2570 35

173 2609 213 2667 ut
227 2628 300 2684 quas
312 2609 376 2668 Elis
389 2628 457 2685 opes
470 2613 538 2668 ante
551 2612 669 2685 pararat
682 2609 776 2686 equis.

134 2707 273 2772 Quamvis
285 2727 391 2783 magna
403 2708 494 2781 daret,
510 2707 644 2785 quamvis
656 2707 766 2765 maiora
778 2707 909 2780 daturus,

172 2806 240 2865 Non
251 2811 351 2865 tamen
363 2807 416 2865 illa
428 2826 507 2865 meos
519 2806 599 2881 fugit
614 2825 701 2866 avara
714 2805 803 2864 sinus.

132 2905 218 2965 Hanc
231 2924 283 2980 ego
296 2924 356 2964 non
369 2924 448 2976 auro,
462 2924 522 2963 non
535 2904 620 2964 Indis
632 2905 749 2963 flectere
763 2904 888 2977 conchis,

172 3005 229 3065 sed
241 3005 325 3082 potui
337 3005 438 3064 blandi
451 3004 586 3064 carminis
599 3005 745 3081 obsequio.
947 3014 986 3066 40

132 3106 210 3164 Sunt
222 3105 315 3179 igitur
327 3105 438 3177 Musas,
454 3123 549 3180 ncquc
563 3105 673 3162 amanti
686 3105 787 3163 tardus
799 3103 917 3180 Apollo,

171 3201 244 3265 Quis
257 3219 309 3274 ego
321 3199 416 3258 fretus
430 3218 509 3257 amo:
535 3199 663 3276 Cynthia
674 3219 740 3258 rara
753 3218 817 3258 mea
830 3202 884 3258 est.

132 3298 217 3356 Nunc
230 3298 303 3355 mihi
316 3316 427 3356 summa
440 3297 510 3355 licet
523 3296 690 3371 contingere
704 3298 797 3357 sidera
810 3298 939 3372 plantis:

171 3396 238 3455 Sive
252 3396 312 3454 dies
326 3415 377 3454 seu
390 3415 450 3453 nox
463 3394 584 3466 venerit,
601 3395 652 3452 illa
666 3415 730 3453 maa
744 3378 795 3467 est,
