2122 3728
151 253 187 304 58
361 248 578 307 PROPERTII
598 247 658 306 NL.
680 247 725 318 II,
741 250 790 304 26.

189 405 250 465 Neo
263 405 322 464 iam
334 425 434 464 umore
447 424 549 479 graves
562 405 665 464 tollere
678 424 762 481 posse
776 423 883 476 comas,

150 503 270 568 Qualem
285 503 440 579 purpureis
453 505 594 578 agitatam
606 503 746 563 fluctibus
759 502 882 574 Hellen,
984 507 999 559 5

188 604 287 660 Aurea
300 621 387 678 quam
400 603 482 660 molli
495 606 610 677 tergore
623 602 708 661 rexit
721 601 793 660 oris.

150 704 244 769 Quam
256 703 352 775 timui,
367 724 404 762 ne
417 704 494 763 forte
506 708 592 763 tuum
605 724 683 763 mare
696 722 804 762 nomen
816 703 950 776 haberet,

191 805 286 880 Teque
298 806 352 862 tua
363 804 464 863 labens
478 803 579 863 navita
591 804 676 862 fieret
689 801 784 879 aqua!

150 902 231 967 Quae
244 906 309 961 tum
322 922 375 976 ego
388 903 536 979 Neptuno,
548 922 622 979 quae
630 908 695 960 tum
705 921 772 960 eum
781 901 902 961 Castore
909 901 1000 971 fratri,

190 1002 329 1078 Quaeque
341 1001 399 1061 tibi
412 1002 523 1078 excepi,
538 1002 597 1059 iam
610 1002 663 1059 dea
678 1001 864 1060 Leucothoe!
969 1006 1001 1058 10

149 1103 192 1161 At
205 1105 240 1160 tu
253 1101 305 1160 vix
318 1102 425 1178 primas
439 1101 584 1160 extollens
598 1100 714 1175 gurgite
726 1101 839 1177 palmas

191 1203 282 1279 Saepe
295 1223 392 1260 meum
405 1221 511 1260 nomen
524 1202 582 1259 iam
595 1201 726 1276 peritura
739 1220 834 1259 vocas.

151 1301 235 1366 Quod
246 1301 270 1359 si
281 1301 357 1361 forte
371 1304 438 1359 tuos
451 1301 571 1359 vidisset
586 1300 714 1358 Glaucus
728 1299 842 1372 ocellos,

190 1401 275 1458 Esses
288 1399 367 1457 Ionii
379 1399 458 1458 facta
471 1399 571 1475 puella
584 1399 680 1470 maris,

150 1499 189 1557 Et
202 1498 258 1557 tibi
271 1500 307 1558 ob
319 1497 460 1556 invidiam
473 1497 612 1556 Nereides
624 1494 845 1570 increpitarent,
969 1501 1002 1554 15

190 1597 318 1656 Candida
330 1597 450 1671 Nesaee,
466 1598 581 1656 caerula
595 1597 764 1674 Cymothoe,

150 1697 207 1755 Sed
218 1696 275 1756 tibi
288 1697 414 1755 subsidio
427 1697 599 1772 delphinum
612 1716 727 1755 currere
736 1695 807 1768 vidi,

190 1795 258 1866 Qui,
273 1796 355 1871 puto,
371 1794 521 1852 Arioniam
535 1797 659 1853 vexerat
672 1797 740 1853 ante
753 1793 858 1871 lyram.

150 1895 272 1968 Iamque
286 1912 338 1966 ego
352 1895 476 1952 conabar
489 1913 599 1951 summo
613 1912 658 1950 me
672 1891 788 1951 mittere
802 1911 883 1964 saxo,

190 1992 263 2049 Cum
276 1991 350 2049 mihi
362 1991 497 2050 discussit
509 1993 582 2052 talia
596 1993 658 2051 visa
670 1996 776 2052 metus.
967 1994 1002 2048 20

527 2170 622 2229 xxvrb.

151 2288 237 2345 Nunc
251 2287 431 2346 admirentur
444 2289 522 2365 quod
534 2293 596 2347 tam
609 2288 682 2346 mihi
694 2288 818 2365 pulchra
831 2288 933 2365 puella

191 2386 313 2457 Serviat,
330 2389 359 2445 et
372 2390 435 2446 tota
448 2388 527 2446 dicar
540 2388 572 2446 in
585 2390 658 2447 urbe
671 2390 783 2464 potens.
816 2442 818 2446 Α

151 2485 226 2554 Non,
244 2485 268 2542 si
282 2485 440 2562 Cambysae
453 2487 573 2545 redeant
587 2489 617 2545 et
629 2485 751 2544 flumina
765 2483 872 2557 Croesi,

189 2585 293 2643 Dicat:
319 2585 393 2644 “De
407 2589 504 2644 nostro
519 2607 613 2661 surge,
629 2589 723 2663 poeta,
739 2584 833 2643 toro.'’

89 2698 127 2739 (2³)
151 2683 180 2740 N
181 2703 226 2740 am
240 2702 304 2741 mea
318 2703 383 2741 oum
397 2685 510 2757 recitat,
526 2685 598 2744 dicit
612 2704 642 2743 se
656 2685 748 2742 odisse
761 2685 882 2742 beatos:
987 2688 1002 2739 5

192 2781 327 2840 Carmina
339 2786 399 2841 tam
415 2787 514 2842 saneto
528 2785 612 2842 nulla
624 2784 724 2860 puella
738 2782 816 2841 colit.

151 2881 281 2939 Multum
294 2881 326 2938 in
340 2901 435 2940 amore
448 2882 529 2954 fides,
545 2883 672 2941 multum
686 2881 849 2941 constantia
862 2881 1001 2957 prodest:

190 2981 249 3046 Qui
262 2981 330 3039 dare
343 2981 438 3039 multa
450 2984 555 3057 potest,
571 2982 666 3040 multa
679 2984 709 3039 et
722 3000 817 3039 amare
831 2984 940 3057 potest.

152 3081 209 3138 Seu
222 3099 300 3138 mare
314 3099 367 3155 per
378 3080 500 3154 longum
512 3099 577 3138 mea
590 3080 699 3154 cogitet
711 3079 754 3138 ire
767 3080 878 3155 puella,

100 3188 136 3229 (³⁰)
189 3179 275 3235 Hanc
289 3197 401 3254 sequar,
419 3181 449 3236 et
462 3178 534 3236 fidos
546 3198 606 3236 una
620 3181 687 3253 aget
701 3198 771 3236 aura
784 3179 868 3238 duos.
969 3183 1003 3237 10

150 3277 248 3334 Unum
260 3275 334 3334 litus
348 3275 404 3334 erit
417 3276 519 3353 sopitis
531 3296 648 3353 unaque
661 3279 739 3335 teoto

171 3376 282 3451 Arbor,
301 3379 388 3438 etex
402 3398 465 3440 una
480 3397 568 3457 saepe
578 3376 718 3438 bibemus
729 3391 819 3447 aqua,
