2122 3728
263 233 481 294 PROPERTII
502 236 562 294 EL.
584 237 610 309 Ι,
633 241 662 297 2.
686 243 712 295 3.
901 246 918 299 3

65 388 181 465 Aspice,
198 410 271 467 qnos
284 391 450 452 summittat
462 394 570 453 humus
582 393 708 453 formosa
720 397 844 456 colores:

105 489 148 547 Ut
160 489 282 548 veniant
295 490 419 549 hederae
433 495 536 567 sponte
550 512 603 551 sua
614 493 729 566 melius,
881 502 916 554 10

67 588 175 662 Surget
189 591 219 647 et
231 588 264 646 in
278 589 348 648 solis
360 589 515 649 formosius
528 592 650 650 arbutus
664 593 764 665 antris,

104 686 145 744 Et
158 685 230 746 sciat
242 685 385 746 indociles
398 706 514 747 currere
528 689 650 765 lympha
662 690 734 750 vias.

64 783 166 842 Litora
177 783 287 844 nativis
298 785 476 861 persuadent
488 785 569 862 picta
581 787 701 863 lapillis,

103 883 144 940 nt
155 883 287 942 volucres
300 883 385 942 nulla
397 883 513 942 dulcius
526 887 589 944 0110
603 889 722 944 canunt.

64 980 132 1039 Non
145 980 186 1039 sic
198 981 356 1057 Leucippis
370 981 519 1041 succendit
531 982 649 1056 Castora
661 985 786 1058 Phoebe,
880 994 914 1046 15

103 1079 253 1141 Pollucem
265 1081 350 1140 cultu
361 1100 422 1139 non
434 1081 551 1140 Hilaira
564 1103 650 1156 soror,

29 1161 33 1169 ’
64 1179 94 1236 N
95 1198 132 1236 on
145 1179 216 1237 ldae
229 1183 260 1239 et
269 1179 375 1255 cupido
389 1181 534 1257 quondam
547 1181 689 1241 discordia
701 1183 818 1244 Phoebo

104 1278 198 1338 Eveni
209 1278 313 1355 patriis
325 1277 389 1337 tilia
400 1278 553 1338 litoribus:

64 1377 126 1435 Nec
140 1376 303 1455 Phrygium
315 1375 391 1435 ialso
404 1377 499 1441 traxit
513 1378 634 1439 caudore
647 1379 785 1439 maritum

103 1475 216 1535 Aveota
229 1475 359 1535 externis
373 1474 570 1551 Hippodamia
582 1477 673 1538 rotis:
877 1487 914 1540 20
958 1533 960 1537 ,

66 1574 124 1632 Sed
135 1574 225 1634 facies
238 1574 338 1633 aderat
350 1573 441 1632 nullis
455 1575 581 1634 obnoxia
593 1578 723 1651 gemmis,

105 1673 207 1738 Qualis
220 1672 353 1749 Apelleis
366 1675 412 1731 est
425 1673 502 1731 color
514 1672 547 1730 in
559 1675 678 1734 tabulis.

64 1773 94 1832 N
95 1792 132 1831 on
145 1772 206 1830 illis
220 1771 350 1831 studium
363 1773 453 1846 vulgo
467 1772 636 1848 conquirere
650 1779 796 1834 amantes:

104 1872 171 1931 Illis
184 1871 281 1947 ampla
291 1870 366 1930 satis
378 1870 473 1929 forma
485 1871 636 1947 pudicitia.

64 1970 132 2028 Non
146 1988 198 2044 ego
212 1988 290 2027 nunc
304 1987 405 2027 vereor
418 1988 455 2026 ne
469 1968 524 2027 sim
537 1968 594 2028 tibi
606 1969 693 2030 111101
704 1971 787 2032 istis:
874 1979 911 2032 25

102 2067 163 2126 Uni
176 2067 201 2125 si
214 2086 273 2144 qua
284 2066 390 2143 placet,
407 2066 488 2125 culta
500 2067 601 2142 puella
615 2071 660 2126 001
673 2073 736 2143 est;

63 2166 136 2225 011111
149 2165 205 2225 tibi
216 2164 387 2242 praesertim
400 2166 537 2224 Phoebus
550 2185 601 2224 sua
615 2168 742 2226 carmina
754 2169 843 2230 donet

101 2265 285 2341 Aoniamque
296 2264 391 2323 libens
405 2263 551 2340 Calliopea
563 2264 665 2342 lyram,

61 2364 218 2422 Unicanec
231 2363 307 2422 desit
319 2361 454 2421 iucundis
468 2362 562 2436 gratia
574 2364 679 2436 verbis,

102 2463 206 2521 Omnia
213 2461 458 2539 quaequeVenus,
467 2480 599 2538 quaeque
607 2460 741 2521 Minerva
750 2467 861 2539 probat.
874 2471 910 2523 30

61 2561 119 2619 His
128 2565 164 2620 tu
177 2580 289 2637 semper
303 2559 359 2619 eris
371 2562 486 2617 nostrae
500 2559 664 2633 gratissima
675 2561 763 2634 vitae,

101 2661 208 2719 Taedia
220 2659 291 2717 dum
303 2658 424 2717 miserae
437 2657 497 2716 sint
508 2657 565 2717 tibi
573 2659 718 2718 luxuriae.

461 2854 509 2893 111.

61 2957 162 3023 Qualis
175 2958 289 3017 Thesea
301 2956 392 3015 iacuit
406 2957 528 3016 cedente
542 2955 641 3014 carina

98 3056 253 3132 Languida
264 3055 385 3114 desertis
398 3055 506 3114 Gnosia
518 3053 662 3125 litoribus,

61 3156 162 3222 Qualis
176 3160 207 3215 et
220 3155 356 3214 accubuit
368 3155 461 3231 primo
472 3154 599 3231 Cepheia
613 3172 711 3211 somno

98 3255 204 3314 Libera
216 3255 275 3313 iam
287 3255 369 3313 duris
383 3254 495 3313 cotibus
508 3251 700 3323 Andromede,

59 3354 89 3412 N
90 3373 122 3414 00
135 3353 232 3414 minus
245 3353 366 3413 assiduis
379 3353 488 3412 Edonis
498 3351 576 3412 fessa
589 3349 699 3410 choreis
889 3358 906 3409 5

433 3471 452 3510 1
467 3457 485 3510 2
