2122 3728
139 246 173 298 11
314 237 533 297 raorrarrr
554 237 613 296 11.
636 238 662 310 1,
688 242 734 295 11.
759 241 804 296 14.

174 399 215 458 Et
227 397 322 456 Ledae
335 400 422 472 partu
436 396 553 472 gratior,
568 414 628 453 una
639 394 754 454 tribus:
951 400 986 453 30

135 497 195 555 1111
208 495 246 554 sit
259 495 388 554 Inachiis
402 498 431 553 et
444 493 578 553 blandior
590 493 727 565 heminis,

174 595 234 653 Illa
246 594 306 653 suis
318 593 415 653 verbis
429 595 514 667 eogat
526 611 622 651 amare
636 593 747 651 Iovem.

135 695 181 754 Tu
193 713 271 766 vero,
287 692 424 771 quoniam
437 693 526 751 semel
539 711 570 751 es
582 690 733 767 periturus
747 709 853 763 amere,

173 794 283 852 Utere:
304 812 364 851 non
377 791 434 851 ulio
447 791 549 850 limine
562 790 668 864 dignus
682 809 753 850 eras.

135 893 197 958 Qua·
207 890 264 951 tibi
277 890 315 950 sit
327 890 411 963 felix,
427 890 564 969 quoniam
576 910 671 950 novus
683 887 796 960 incidit,
811 907 912 947 error:
949 893 985 946 35

174 993 213 1050 Et
227 991 429 1068 quodcumque
441 990 530 1062 voles,
546 1007 606 1048 una
619 988 729 1047 sitista
741 987 805 1048 tibi.

527 1185 589 1224 XIV·

135 1288 180 1346 Tu
192 1287 263 1346 lieet
276 1287 405 1346 abiectus
418 1287 555 1346 Tiberina
566 1287 696 1346 molliter
707 1287 788 1346 unda

172 1385 277 1445 Lesbia
289 1386 440 1445 Mentoreo
452 1386 522 1445 vina
533 1386 616 1445 bibas
629 1405 724 1462 opere,

133 1486 174 1545 Et
186 1486 269 1544 mode
281 1487 343 1545 tam
356 1484 591 1544 eeleresmireris
603 1504 718 1545 currere
730 1483 834 1544 lintres

172 1584 213 1643 Et
224 1583 308 1642 mode
320 1586 382 1642 tam
394 1583 493 1642 1111111
504 1581 627 1642 funibus
638 1583 682 1642 ire
694 1592 781 1655 rates,

133 1682 173 1740 Et
185 1701 288 1741 nemus
301 1701 385 1741 omne
398 1684 475 1741 satas
487 1681 623 1742 intendat
634 1681 744 1742 vertiee
757 1680 855 1754 silvas,
965 1689 982 1740 5

171 1780 302 1854 Urgetur
314 1777 433 1857 quantis
446 1778 591 1839 Caucasus
605 1781 773 1840 arboribus:

131 1880 199 1938 Non
211 1881 310 1938 tamen
321 1878 380 1939 ista
392 1897 456 1937 meo
469 1879 587 1938 valeant
599 1879 772 1939 contendere
784 1877 892 1938 amori:

169 1977 274 2037 Nescit
285 1978 377 2036 Amor
388 1977 502 2052 magnis
515 1978 616 2038 cedere
629 1978 750 2040 divitiis.

131 2075 162 2134 N
162 2095 209 2134 am
222 2076 283 2136 sive
297 2079 427 2153 optatam
439 2096 554 2135 meeum
566 2076 659 2136 trabit
670 2077 723 2136 illa
737 2075 875 2154 quietem,

172 2173 230 2233 Seu
243 2173 324 2232 facili
337 2177 434 2233 totum
447 2174 529 2234 ducit
541 2195 637 2235 amore
650 2175 736 2248 diem,
946 2181 981 2234 10

131 2272 207 2331 Tum
220 2272 293 2330 mihi
305 2272 419 2331 Pactoli
431 2273 555 2333 veniunt
569 2275 623 2332 sub
636 2276 715 2333 taeta
727 2273 866 2350 liquores,

170 2371 210 2430 Et
222 2370 333 2446 legitur
344 2371 440 2430 rubris
453 2391 566 2446 gemma
579 2373 633 2431 sub
647 2373 840 2450 aequoribus:

131 2469 206 2528 Tum
219 2468 293 2527 mihi
306 2489 435 2530 eessuros
449 2470 593 2546 spondent
604 2491 670 2529 mea
682 2470 788 2546 gaudia
800 2490 899 2548 reges3

169 2568 251 2633 Quae
264 2571 410 2641 maneant,
426 2569 497 2627 dum
509 2589 556 2629 me
568 2569 631 2629 fata
643 2569 738 2646 perire
750 2571 862 2631 volent.

129 2667 159 2724 N
160 2687 206 2726 am
220 2666 285 2744 quis
298 2667 410 2727 divitiis
422 2669 541 2728 adverso
555 2669 663 2744 gaudet
676 2670 807 2730 Amore?
943 2675 977 2728 15

169 2765 260 2824 Nulla
273 2765 346 2823 mihi
358 2765 439 2825 tristi
451 2767 580 2842 praemia
593 2768 653 2827 sint
666 2767 798 2827 Venere!

129 2863 190 2923 Illa
202 2868 298 2941 potest
310 2884 430 2940 magnas
442 2866 564 2925 heroum
576 2866 737 2942 iufringere
749 2867 835 2943 vires,

168 2955 228 3022 Illa
241 2963 329 3022 etium
341 2962 422 3021 duris
434 2964 582 3024 mentibus
595 2985 656 3025 erse
669 2966 770 3024 dolor:

129 3061 188 3120 Illa
200 3082 296 3140 neque
309 3061 450 3122 Arabium
464 3063 571 3124 metuit
583 3065 787 3125 transeendere
800 3064 899 3137 limen,

168 3160 230 3220 Nee
243 3160 329 3220 timet
341 3160 459 3235 ostrina,
475 3162 570 3236 Tulle,
587 3163 684 3222 subire
697 3166 770 3236 toro,
939 3167 976 3220 20

129 3258 168 3317 Et
181 3259 318 3318 miserum
330 3263 393 3319 tote
405 3260 542 3319 iuvenem
554 3281 669 3321 versare
683 3262 773 3321 cubili
784 3284 791 3320 :

167 3359 245 3425 Quid
257 3361 390 3421 relevant
402 3360 491 3423 variis
504 3361 595 3422 serica
607 3362 786 3423 textilibus?
