2122 3728
134 266 171 319 56
302 257 521 318 PROPERTII
541 256 600 315 ΕΒ.
622 257 667 330 Π,
690 261 738 315 24.
761 262 810 316 25.

172 418 212 477 Et
224 417 308 476 modo
322 419 436 476 servato
450 415 511 474 sola
523 414 627 473 relicta
639 413 713 474 viro.
948 422 983 474 30

133 517 216 575 Dura
229 516 281 589 est,
298 535 373 593 quac
386 513 490 574 multis
504 514 674 572 simulatum
686 512 776 588 fingit
790 533 927 589 amorem,

172 616 213 674 Et
226 634 257 674 se
269 614 337 691 plus
350 612 404 672 uni
417 611 443 671 si
456 632 516 689 qua
528 631 630 688 parare
642 614 750 687 potest.

133 713 204 773 Noli
216 712 371 784 nobilibus,
387 711 450 770 noli
463 710 595 769 conferre
607 709 718 769 beatis:

74 843 110 885 oo)
172 814 234 873 Vix
246 812 337 886 venit,
354 816 485 872 extremo
496 811 548 888 qui
561 811 642 885 legat
655 830 718 869 ossa
731 810 789 870 die.

133 913 176 971 Hi
188 913 245 972 tibi
257 932 310 970 nos
323 910 448 971 crimus:
472 911 523 969 sed
536 913 571 969 tu
583 909 681 987 potius
694 929 797 986 precor
809 914 845 970 ut
859 931 906 970 me
952 915 986 969 35

173 1011 313 1071 Demissis
324 1011 446 1088 plangas
458 1012 576 1087 pectora
588 1009 667 1068 nuda
680 1008 778 1068 comis.

526 1206 595 1245 XXV.

135 1307 229 1368 Unica
238 1309 308 1366 nata
320 1325 384 1364 meo
397 1305 595 1382 pulcherrima
608 1324 677 1364 cura
690 1305 792 1382 dolori,

175 1404 303 1464 Excludi
316 1403 454 1482 quoniam
468 1424 528 1463 sors
541 1423 605 1463 mea
618 1424 703 1481 saepe
716 1404 820 1480 venit;

136 1507 200 1565 Ista
213 1503 285 1562 meis
298 1503 350 1562 fiet
363 1501 514 1561 notissima
527 1502 621 1561 forma
633 1502 752 1575 libellis,

176 1604 265 1664 Calue
278 1605 332 1661 tua
344 1600 438 1674 venia,
454 1620 525 1677 pace
540 1601 655 1660 Catulle
669 1604 731 1660 tua.

137 1704 225 1763 Miles
238 1701 378 1779 depositis
391 1721 517 1760 annosus
531 1702 649 1778 secubat
663 1700 758 1777 armis,
974 1708 989 1759 5

177 1800 399 1877 Grandaevique
412 1802 521 1874 negant
535 1799 640 1858 ducere
654 1802 750 1858 aratra
762 1801 863 1872 boves,

137 1902 237 1961 Putris
251 1903 281 1960 et
294 1901 326 1958 in
339 1919 433 1959 vacua
445 1898 602 1976 requiescit
615 1898 699 1957 navis
711 1899 831 1971 harena,

177 2000 217 2059 Et
229 2003 315 2058 vetus
328 1998 360 2056 in
373 1997 482 2075 templo
495 1997 602 2056 bellica
613 2015 715 2073 parma
727 1999 813 2055 vacat
824 2018 832 2055 ε

137 2100 180 2158 At
193 2118 239 2156 me
252 2099 288 2157 ob
302 2116 398 2156 amore
410 2099 463 2155 tuo
476 2096 596 2154 diducet
608 2095 692 2153 nulla
705 2098 848 2169 senectus,

179 2197 247 2256 Sive
261 2217 313 2271 ego
327 2196 471 2254 Tithonus
485 2195 546 2253 sive
560 2214 613 2269 ego
627 2193 733 2252 Nestor
747 2213 805 2252 ero.
958 2199 991 2252 10

139 2297 243 2356 Nonne
255 2297 316 2356 fuit
329 2296 420 2356 satius
433 2297 506 2354 duro
516 2294 623 2354 servire
636 2297 762 2371 tyranno

179 2396 219 2455 Et
232 2415 346 2470 gemere
355 2394 387 2453 in
403 2398 497 2467 tauro,
514 2413 598 2458 saeve
611 2392 727 2464 Perille,
743 2391 821 2450 tuo?

140 2496 282 2571 Gorgonis
296 2499 325 2554 et
339 2495 430 2553 satius
442 2495 503 2553 fuit
516 2494 704 2552 obdurescere
716 2492 814 2564 vultu,

180 2594 332 2654 Caucasias
345 2593 435 2652 etiam
448 2591 473 2651 si
485 2594 652 2669 pateremur
665 2610 741 2649 aves.

142 2696 199 2754 Sed
211 2697 310 2753 tamen
325 2693 470 2753 obsistam.
487 2691 596 2750 teritur
608 2689 744 2764 rubigine
756 2708 858 2748 mucro
959 2695 993 2747 15

180 2794 307 2852 Ferreus
321 2794 351 2850 et
363 2811 453 2867 parvo
468 2809 552 2866 saepe
565 2789 679 2865 liquore
694 2788 769 2846 silex
781 2809 788 2845 :

141 2886 184 2943 At
196 2884 295 2942 nullus
308 2882 441 2941 dominae
454 2881 562 2940 teritur
575 2881 628 2939 sub
642 2879 743 2937 limine
757 2897 845 2951 amor,
863 2879 917 2956 qni

181 2983 285 3041 Restat
298 2983 328 3039 et
341 2979 478 3038 inmerito
491 2977 616 3037 sustinet
630 2996 700 3035 aure
711 2975 813 3034 minas.

141 3083 228 3142 Ultro
242 3083 424 3156 contemptus
437 3081 529 3153 rogat,
546 3079 576 3136 et
588 3096 722 3152 peccasse
734 3075 848 3134 fatetur

181 3181 299 3252 Laesus,
315 3181 345 3238 et
357 3177 459 3237 invitis
471 3179 535 3254 ipse
547 3175 625 3234 redit
637 3174 771 3251 pedibus.
957 3180 996 3234 20

137 3279 183 3339 Tu
196 3296 323 3357 quoque,
340 3275 392 3356 qui
405 3277 493 3356 pleno
505 3275 600 3336 fastus
612 3272 735 3333 assumis
746 3291 854 3342 amore,
886 3291 891 3299 ’

162 3378 301 3457 Credula,
319 3379 410 3442 nulla
423 3378 480 3440 diu
492 3376 610 3440 femina
619 3369 856 3452 pondusbabot.
