2122 3728
151 206 187 258 66
365 198 584 258 PROPERTII
604 197 665 257 ΕΒ.
681 197 728 271 ΙΙ,
745 203 794 258 32.

530 373 627 414 xxm.

149 456 208 522 Qui
221 456 311 529 videt,
327 457 354 514 is
366 459 488 532 peccatt
511 455 564 532 qui
576 457 607 514 te
620 474 680 513 non
692 453 804 513 viderit
818 473 889 529 ergo

187 557 255 613 Non
269 556 386 632 cupiet:
407 554 481 613 iacti
493 554 608 613 lumina
621 554 733 614 crimen
745 554 868 613 habent.

148 655 225 713 Nam
239 654 311 732 quid
324 653 476 713 Praenesti
489 652 601 726 dubias,
618 672 635 710 o
650 651 789 730 Cynthia,
807 657 913 724 sortes,

189 753 267 818 Quid
279 752 356 829 petis
369 751 461 810 Aeaei
474 750 589 810 moenia
601 750 768 824 Telegoni?

149 854 207 911 Cur
220 854 315 911 vatem
327 850 509 910 Herculeum
523 849 680 925 deportant
693 849 794 908 esseda
807 849 929 908 Tibur?
989 856 1004 906 5

189 951 287 1027 Appia
299 970 353 1009 cur
364 948 474 1008 totiens
491 946 576 1006 devia
588 947 669 1006 ducit
683 947 795 1006 anum?

148 1051 213 1108 Hoc
227 1049 342 1108 utinam
355 1047 480 1124 spatiere
492 1047 565 1119 loco,
582 1047 788 1124 quodcumque
801 1049 931 1119 vacabis,

188 1147 332 1225 Cynthia!
354 1147 404 1205 sed
416 1145 473 1205 tibi
484 1163 531 1203 me
545 1145 661 1203 credere
674 1147 764 1204 turba
777 1151 866 1218 votet,

149 1247 223 1305 Cum
236 1247 318 1304 videt
332 1243 459 1304 accensis
472 1243 608 1302 devotam
622 1262 738 1303 currere
750 1245 848 1304 taedis

188 1347 227 1404 In
240 1363 343 1404 nemus
357 1346 388 1403 et
400 1341 517 1402 Triviae
530 1342 643 1401 lumina
656 1341 829 1402 ferredeae.
971 1349 1003 1401 10

149 1445 267 1504 Scilicet
279 1443 422 1503 umbrosis
436 1444 533 1502 sordet
545 1442 685 1519 Pompeia
697 1444 843 1502 columnis

188 1544 322 1603 Porticus
336 1543 446 1603 aulaeis
458 1542 564 1601 nobilis
578 1541 726 1613 Attalicis,

150 1644 190 1701 Et
204 1642 331 1718 platanis
344 1644 444 1701 creber
456 1641 567 1718 pariter
581 1640 768 1714 surgentibus
782 1640 862 1712 ordo,

188 1742 327 1801 Flumina
341 1742 435 1818 sopito
448 1761 583 1818 quaeque
596 1740 718 1799 Marone
732 1740 851 1814 cadunt,

151 1843 191 1900 Et
203 1841 310 1900 leviter
321 1840 452 1918 lymphis
465 1843 528 1899 tota
542 1839 753 1915 crepitantibus
766 1840 840 1897 urbe
970 1844 1003 1895 15

190 1940 263 1998 Cum
278 1939 376 1997 subito
389 1939 494 1997 Triton
508 1957 557 1997 ore
570 1937 702 1996 recondit
715 1956 831 2013 aquam.

150 2039 282 2112 Falleris,
298 2038 356 2114 ista
368 2037 416 2096 tui
428 2037 543 2095 furtum
555 2036 605 2094 via
617 2039 761 2094 monstrat
774 2035 899 2093 amoris:

189 2139 256 2196 Non
270 2140 380 2209 urbem,
395 2137 523 2208 demens,
538 2136 652 2194 lumina
664 2139 765 2194 nostra
778 2134 879 2210 iugis:

150 2235 203 2293 Nil
217 2236 287 2310 agis,
303 2235 424 2294 insidias
436 2235 469 2293 in
481 2255 528 2294 me
542 2235 690 2311 componis
703 2234 815 2306 inanes,

189 2335 297 2393 'lendis
310 2335 388 2393 iners
402 2335 487 2394 docto
501 2334 576 2394 retia
588 2337 659 2393 nota
671 2333 753 2392 mihi.
967 2337 1003 2389 20

151 2433 209 2492 sed
222 2434 258 2492 de
271 2452 317 2491 me
330 2432 428 2491 minus
442 2435 503 2492 est:
524 2432 619 2492 lamae
632 2422 766 2524 iacturab
774 2431 898 2508 pudicae

86 2578 87 2582 ,
190 2531 284 2590 Tanta
297 2531 354 2591 tibi
367 2531 497 2604 miserae,
513 2535 625 2608 quanta
637 2535 775 2602 meretur,
790 2530 857 2590 erit.

151 2631 254 2706 Nuper
267 2629 344 2688 enim
358 2630 393 2689 de
407 2633 438 2688 te
452 2633 564 2688 nostras
577 2650 624 2688 me
636 2630 727 2688 laedit
741 2630 777 2689 ad
790 2648 875 2687 aures

191 2730 310 2800 Rumor,
327 2731 357 2787 et
370 2729 401 2785 in
414 2731 478 2787 tota
490 2748 549 2785 non
562 2729 655 2787 bonus
668 2729 740 2786 urbe
752 2727 822 2786 luit.

153 2828 210 2886 Sed
223 2830 258 2885 tu
271 2846 330 2884 non
344 2827 430 2884 debes
443 2825 578 2884 inimicae
592 2827 707 2884 credere
720 2825 858 2900 linguae:
966 2831 1002 2882 25

192 2925 312 3000 Semper
323 2923 458 2982 formosis
471 2923 574 2982 fabula
586 2943 680 3000 poena
692 2923 761 2981 luit.

151 3025 180 3082 N
182 3044 219 3082 on
231 3026 285 3082 tua
297 3023 437 3099 deprenso
451 3023 586 3081 damnato
601 3027 646 3081 est
658 3022 736 3081 fama
749 3041 861 3080 veneno
874 3044 881 3079 ε

191 3122 286 3182 Testis
300 3141 363 3180 eras
375 3140 471 3199 puras,
487 3122 611 3192 Phoebe,
627 3121 726 3180 videre
738 3140 858 3179 manus:

152 3222 204 3280 Sin
218 3223 315 3278 autem
328 3221 415 3294 longo
429 3239 489 3278 nox
502 3239 562 3277 una
576 3224 627 3277 aut
640 3220 733 3278 altera
745 3221 814 3277 lusu

191 3319 369 3393 Consumpta
382 3322 434 3390 est,
450 3338 509 3376 non
522 3338 568 3376 me
583 3318 804 3394 criminaparva
817 3322 947 3376 movent.
965 3323 1001 3374 30

152 3417 294 3494 Tyndaris
308 3421 430 3478 externo
443 3418 568 3496 patriam
581 3417 709 3478 mutavit
722 3436 826 3488 amore,
