2122 3728
98 238 172 294 xxvi
398 239 636 298 PRAEFATIO.

99 415 165 470 que,
181 399 282 454 eontra
294 399 421 455 metrum
434 400 469 456 ub
481 395 655 472 pronuntiat
670 393 844 453 Muellerus.
892 393 951 451 Cer

100 499 187 551 retem
195 494 364 566 Perusinus,
378 495 447 553 libri
459 495 588 572 plurimi,
597 495 675 572 quod
683 513 786 553 verum
798 497 949 568 esseputo.

101 593 229 666 Cynthia
238 594 274 651 ad
285 613 366 651 suam
376 594 493 652 domum
498 594 683 653 Tiburtinam
694 593 736 671 (3.
745 597 791 650 16.
799 591 844 668 2.)
852 595 952 651 vatem

99 711 280 765 praesagum,
296 711 384 750 anum
404 691 555 751 fatidicam
571 691 717 769 deportari
741 690 847 749 essedis
867 689 952 748 iubet

93 793 133 847 'ut
153 790 253 848 futura
275 794 433 865 exponant.
476 791 520 848 Of.
541 796 569 848 2.
585 796 614 849 4.
632 794 688 848 15:
718 789 796 848 Nam
818 789 867 847 eui
890 806 950 846 non

99 906 152 959 ego
167 907 230 944 sum
244 887 343 946 faHeei
356 889 484 964 praemia
497 891 581 948 eati?
608 889 689 956 Quae
702 908 767 947 mea
779 907 839 946 non
853 887 952 947 decies

99 984 209 1042 somnia
222 990 320 1043 versat
333 987 426 1045 erres?

138 1087 184 1138 32.
208 1089 234 1139 6.
259 1089 284 1140 te
304 1086 350 1141 rr'a
370 1085 407 1155 N,
423 1085 464 1142 H.
513 1085 589 1144 Dedi
611 1087 689 1144 devie
711 1104 777 1142 eum
799 1084 950 1142 Hambur-

98 1181 180 1252 gensi
194 1182 299 1240 codiee.
329 1183 406 1241 Nam
418 1185 465 1241 er'u
478 1184 556 1259 apud
566 1187 666 1259 poetas
679 1184 853 1259 plerumque
864 1183 951 1241 omit·

98 1280 182 1337 titur.
206 1311 211 1324 ι
225 1281 393 1355 Propertius
409 1282 480 1341 dieit
495 1283 652 1360 Cynthium
670 1302 743 1340 anus
761 1281 899 1340 fatidicas
911 1301 950 1338 ex

98 1377 191 1434 deviis
204 1378 372 1452 regionibus
385 1381 539 1457 exquirere
546 1401 599 1457 per
610 1400 682 1457 quas
690 1379 739 1439 via
747 1379 845 1456 Appia
855 1379 948 1437 duait.

99 1496 182 1534 earm
196 1478 233 1534 N.
276 1498 345 1537 arras
357 1480 399 1540 Η.
441 1480 525 1547 Quod
543 1478 719 1538 Baehrensio
739 1478 837 1554 placet
857 1482 884 1535 te
903 1479 950 1536 ria

99 1575 256 1634 Laberium
283 1578 361 1636 docti
387 1579 479 1652 Angli
506 1581 702 1637 commentum
735 1597 753 1635 a
779 1576 950 1634 Burmanno

99 1681 354 1734 commemoratum
370 1696 387 1735 a
404 1676 487 1735 libris
500 1676 588 1735 nimis
601 1676 720 1749 recedit,
737 1679 767 1735 eb
780 1696 797 1734 a
809 1695 880 1735 vera
892 1676 950 1734 loei

99 1773 308 1850 interpretione
323 1777 477 1834 abhorrere
491 1777 583 1835 eredo.

139 1879 186 1932 32.
209 1881 236 1933 8.
260 1878 324 1934 lime
338 1877 367 1934 N
381 1877 446 1952 (pro
461 1876 515 1934 tibi
527 1876 591 1954 me).
632 1881 709 1935 roret
723 1876 761 1935 N.

141 1978 188 2030 32.
214 1979 258 2031 12.
281 1976 393 2033 atterere
406 1975 443 2032 N.

140 2075 187 2127 32.
212 2076 256 2128 13.
279 2072 328 2130 Ira
341 2073 371 2129 N
372 2113 378 2126 .
420 2072 510 2132 creber
517 2073 646 2148 plataeis
655 2074 768 2147 parim
781 2072 822 2143 H,
839 2075 911 2131 eebt.

141 2174 187 2228 32.
210 2174 257 2227 22.
279 2176 399 2229 meretur
411 2172 450 2229 N.
621 2177 668 2230 32.
691 2177 739 2229 23.
761 2176 856 2230 restra
870 2170 909 2228 N,

143 2272 190 2326 32.
212 2273 260 2326 26.
283 2270 339 2326 reis
352 2269 391 2327 N.

140 2371 186 2424 32.
209 2371 257 2424 32.
279 2367 381 2424 demeto
390 2388 476 2426 sensu
490 2371 578 2428 eareb.
593 2369 717 2427 dedecore
729 2373 769 2426 eet
781 2367 948 2427 Sentenius.

100 2465 211 2522 laetere
224 2463 427 2524 Baehrensius.

141 2567 187 2619 32.
211 2567 257 2620 33.
272 2563 371 2638 fertur
388 2564 425 2639 N,
446 2566 569 2641 queraris
582 2565 615 2622 H
629 2585 695 2624 eum
711 2564 834 2641 reliquis
854 2564 947 2622 libris.

98 2660 157 2718 Our
171 2663 206 2719 ab
221 2662 330 2737 optimo
339 2662 414 2721 libro
428 2663 523 2721 subito
538 2664 692 2722 desciscam
705 2684 765 2721 non
778 2663 872 2722 video.

141 2765 188 2817 32.
211 2765 259 2818 34.
280 2761 340 2818 Ner
353 2761 391 2833 N,
403 2761 570 2820 eorrHeum
579 2762 781 2821 multislibris.
802 2761 880 2818 Nam
889 2761 949 2819 alii

141 2864 188 2921 32.
211 2865 258 2918 35.
279 2861 380 2919 Parim
393 2861 470 2919 libri.
506 2861 605 2935 palem
617 2861 775 2937 Hauptius,
791 2861 827 2918 ad
841 2880 951 2918 amores

101 2957 247 3016 Anchisae
271 2963 301 3017 et
324 2958 447 3017 Veneris
473 2958 638 3034 respiciens.
680 2957 762 3016 Paris
788 2956 866 3016 enim
888 2977 950 3015 rem

101 3055 238 3114 habuisse
253 3076 319 3114 eum
332 3057 446 3116 Venere
459 3077 606 3134 nusquam
615 3059 761 3115 narratur.
790 3055 834 3113 Of.
845 3055 950 3113 Theoe.

94 3157 127 3251 ⁸l.
148 3158 223 3210 105:
247 3152 289 3212 ob
303 3154 418 3233 λέγεται
438 3156 490 3213 τὰν
504 3157 617 3231 Κύπριν
631 3155 647 3212 ὁ
660 3154 792 3230 βωκόλος
806 3155 873 3231 ἕρπε
886 3155 949 3211 παῖ’

109 3251 174 3309 Ιδαν
182 3251 274 3328 Ἔρπε
287 3250 351 3310 πότ’
364 3250 515 3330 Ἀγχίσην.
564 3253 659 3312 Paene
672 3256 771 3312 lamen
792 3252 951 3311 intuleram

99 3368 191 3406 meam
205 3349 400 3408 coniecturam
412 3351 550 3428 Peqasr'dr
562 3370 614 3427 pro
633 3351 763 3420 Quereris
778 3351 840 3428 (r'du
851 3352 886 3408 ab
895 3351 951 3407 Ide
