2122 3728
101 227 156 280 128
283 220 502 280 ΡΒΟΡΕΒΤΠ
520 222 584 281 BL.
604 224 662 296 IV,
685 229 715 282 7.
737 230 767 283 8.

101 379 842 459 “fficsr'taTstrurnniacetanrenGnthiaterra
905 388 933 441 88

137 478 269 537 Accessit
280 478 361 554 ripae
372 479 447 549 laus,
461 479 587 552 Aniene,
600 482 705 540 tuae?

99 578 161 636 Nec
173 582 210 636 tu
222 596 325 653 sperne
337 576 396 652 piis
407 577 557 636 venientia
570 580 683 638 somnia
694 581 813 657 portis:

139 677 213 734 Cum
224 677 274 752 pia
286 680 432 735 venerunt
443 678 564 747 somnia,
579 679 695 754 pondus
707 681 833 740 habent

99 775 192 833 Nocte
205 794 296 849 vagae
307 775 431 832 ferimur
441 797 449 832 ε
470 794 531 832 nox
544 777 658 835 clausas
670 777 782 837 liberat
793 779 915 848 umbras,

138 874 225 933 Errat
238 876 269 932 et
281 874 393 932 abiecta
406 874 548 933 Cerberus
560 875 624 952 ipsc
637 896 712 936 sera.
914 880 942 934 90

99 973 178 1032 Luce
190 974 295 1032 iubent
305 973 386 1047 leges
397 973 526 1032 Lethaea
539 975 576 1032 ad
589 979 694 1050 stagna
705 977 838 1037 reverti:

138 1072 199 1130 Nos
211 1072 354 1145 vehimur,
369 1077 486 1132 vectum
497 1077 591 1132 nauta
603 1078 739 1135 recenset
753 1096 839 1135 onus.

100 1171 130 1229 N
130 1191 188 1230 nnc
199 1174 231 1230 88
243 1171 410 1246 possideant
421 1171 515 1229 aliae:
537 1191 609 1230 mox
622 1173 685 1231 sola
696 1176 807 1233 tenebo
819 1196 828 1233 :

138 1271 256 1329 Mecum
268 1270 333 1342 eris,
349 1273 380 1328 et
392 1270 494 1328 mixtis
506 1270 620 1330 ossibus
631 1292 698 1330 ossa
708 1273 839 1332 teram'’

101 1370 183 1428 Haec
195 1372 349 1446 postquam
362 1369 487 1444 querula
498 1388 614 1427 mecum
626 1372 683 1428 sub
695 1371 753 1430 lite
765 1372 890 1448 peregit,
917 1377 948 1429 95

140 1470 228 1555 Inter¹
237 1469 405 1545 complexus
417 1469 527 1527 excidit
538 1470 645 1527 umbra
656 1489 748 1530 meos.

490 1665 557 1705 vm.

103 1765 198 1839 Disce,
214 1766 286 1843 quid
299 1764 445 1843 Esquilias
457 1766 511 1823 hac
524 1767 610 1823 nocte
622 1765 739 1840 fugarit
751 1787 887 1844 aquosas,

143 1864 216 1922 Cum
228 1864 325 1922 vicina
337 1863 420 1922 novis
432 1865 519 1922 turba
532 1864 664 1923 cucurrit
678 1865 767 1939 agris.

103 1962 269 2021 Lanuvium
282 1962 382 2020 annosi
395 1965 480 2020 vetus
494 1966 538 2021 est
549 1963 647 2021 tutela
659 1964 805 2037 draconis,

142 2061 201 2119 Hic
215 2061 339 2120 ubitam
352 2081 434 2119 18188
446 2081 506 2119 181
518 2060 595 2137 perit
608 2062 681 2119 11818
694 2082 804 2136 morae,

105 2159 170 2224 Qua
184 2179 262 2218 sacer
275 2158 419 2235 abripitur
432 2179 514 2218 caeco
528 2160 683 2219 descensus
696 2163 794 2235 hiatu,
936 2167 951 2218 5

144 2258 209 2323 Qua
220 2257 485 2334 penetret—virgo,
500 2258 559 2316 talc
571 2257 630 2316 iter
643 2278 730 2319 omne
744 2281 816 2320 cave
827 2262 877 2320 1-

104 2356 202 2414 lciuni
216 2357 355 2433 serpentis
368 2357 467 2429 honos,
484 2376 550 2415 cum
561 2357 671 2432 pabula
682 2360 780 2434 poscit

143 2455 250 2513 Annua
263 2459 293 2515 88
307 2475 345 2513 ex
356 2454 415 2512 ima
429 2455 512 2514 sibila
524 2459 643 2531 torquet
655 2457 757 2515 humo.

105 2554 186 2612 Talia
199 2554 337 2613 demissae
350 2554 462 2630 pallent
475 2555 512 2612 ad
525 2574 604 2613 sacra
616 2556 745 2630 puellae,

144 2653 218 2710 Cum
230 2657 338 2711 temere
352 2652 478 2726 anguino
493 2653 621 2711 creditur
634 2672 683 2711 ore
697 2674 815 2715 manus.
920 2659 951 2712 10

105 2752 162 2810 lllc
177 2751 231 2809 sibi
244 2753 372 2810 admotas
385 2771 403 2809 a
415 2751 528 2826 virgine
542 2750 661 2827 corripit
675 2772 756 2811 escas
769 2775 776 2810 :

144 2850 273 2925 Virginis
286 2851 319 2907 in
331 2850 434 2926 palmis
447 2851 511 2926 ipsa
524 2851 649 2908 canistra
661 2853 808 2911 tremunt.

106 2947 138 3006 Si
150 2947 261 3006 fuerint
275 2951 377 3020 castae,
392 2949 515 3008 redeunt
527 2950 560 3007 in
574 2949 647 3007 colla
659 2954 829 3024 parentum,

144 3047 334 3124 Clamantque
348 3048 507 3122 agricolae:
533 3047 680 3107 “Fertilis
694 3068 791 3108 annus
805 3050 894 3109 erit.'’

13 3214 16 3222 ¹
104 3146 173 3205 Huc
186 3166 249 3206 1188
262 3148 388 3206 detonsis
401 3152 502 3207 avecta
514 3152 559 3207 cst
569 3133 701 3225 ¹Cynthia
714 3150 848 3210 mannis:
920 3154 950 3208 15

145 3243 237 3304 Causa
248 3245 309 3305 fuit
321 3247 406 3318 Iunc,
423 3248 472 3305 sed
485 3267 568 3322 mage
582 3266 667 3306 881188
680 3246 793 3307 Venus.

100 3343 207 3424 Appia,
225 3344 272 3407 dic
286 3366 407 3426 quaeso,
424 3349 570 3424 quantum
578 3349 612 3401 88
621 3348 700 3400 teste
708 3345 897 3416 triumphum
