2122 3728
144 209 181 262 ss
348 204 787 295 11111111111.11,11

529 403 607 442 xxn.

145 502 208 561 Scis
220 504 290 562 herc
302 502 344 561 mi
357 503 467 561 multas
479 502 591 579 pariter
603 502 747 580 placuisse
760 504 877 581 puellas
890 526 897 564 :

184 601 246 661 Scis
259 601 341 674 mihi,
357 601 555 678 Demophoon,
571 603 667 662 multa
679 603 780 663 venire
793 604 882 662 mala.

143 702 236 760 Nulla
248 701 321 760 meis
333 700 445 759 frustra
457 701 623 760 lustrantur
637 702 763 779 compita
775 702 897 781 plantis.

183 800 207 858 0
220 800 308 858 nimis
322 798 412 859 exitio
426 802 496 858 nata
508 799 625 860 theatra
637 820 701 860 meo
713 800 720 860 !

144 898 213 959 Sive
227 898 335 976 aliquis
347 897 430 957 molli
443 898 558 958 diducit
571 899 693 958 candida
706 903 792 974 gestu
982 905 999 956 5

182 997 317 1070 Brachia,
334 1016 386 1056 seu
399 997 495 1056 varios
507 996 614 1056 incinit
627 1017 676 1056 ore
688 999 807 1057 modos:

143 1098 263 1156 Interea
275 1096 369 1155 nostri
383 1099 530 1173 quaerunt
544 1096 599 1155 sibi
612 1097 721 1156 vulnus
735 1097 829 1170 ocelli,

184 1195 313 1254 Candida
325 1191 385 1253 non
398 1198 476 1254 tecto
490 1199 607 1271 pectore
621 1195 646 1253 si
659 1215 718 1272 qua
731 1196 821 1268 sedet,

145 1293 213 1353 Sive
226 1293 295 1368 vagi
309 1293 402 1352 crines
415 1293 497 1370 puris
510 1293 543 1351 in
555 1293 702 1353 frontibus
715 1297 822 1367 errent,

183 1392 287 1450 Indica
301 1411 374 1468 quos
387 1391 482 1451 medio
495 1392 605 1452 vertice
619 1412 733 1467 gemma
745 1394 837 1451 tenet.
963 1398 1009 1451 10-

144 1491 226 1557 Quae
240 1491 265 1550 si
276 1491 354 1562 forte
368 1491 480 1569 aliquid
492 1492 580 1551 vultu
593 1491 667 1549 mihi
679 1492 753 1550 dura
765 1495 898 1567 negarat,

183 1590 304 1666 Frigida
316 1590 352 1649 de
365 1593 429 1650 tota
441 1590 539 1649 fronte
553 1591 674 1649 cadebat
687 1609 771 1667 aqua.

145 1688 275 1762 Quaeris,
292 1689 490 1766 Demophoon,
507 1708 560 1748 cur
573 1688 627 1748 sim
640 1691 702 1746 tam
714 1687 811 1747 mollis
824 1686 857 1746 in
870 1707 980 1748 omnes.

184 1787 270 1853 Quod
283 1787 399 1865 quaeris
421 1787 541 1864 ‘quare’
557 1787 719 1845 nonhabet
733 1787 813 1845 1111111
827 1806 917 1846 amor.

145 1885 204 1944 Cur
217 1886 324 1963 aliquis
339 1885 427 1944 sacris
441 1885 535 1944 laniat
548 1905 602 1943 sua
614 1885 734 1943 brachia
747 1884 851 1944 cultris
962 1891 998 1944 15

183 1985 224 2043 Ε1
237 1984 363 2062 Phrygis
376 1983 493 2043 insanos
507 1982 638 2042 caeditur
651 1984 688 2042 ad
700 1983 861 2042 numeros?

144 2082 311 2160 Unicuique
324 2082 405 2142 dedit
418 2082 526 2142 vitium
538 2086 645 2141 natura
658 2085 773 2141 creato:

183 2182 228 2241 Mi
240 2183 360 2242 fortuna
374 2181 488 2260 aliquid
501 2201 614 2257 semper
627 2201 724 2241 amare
736 2181 827 2240 dedit.
895 2180 896 2183 ’

143 2282 194 2341 Me
207 2281 278 2341 licet
291 2285 321 2341 et
334 2282 497 2360 Thamyrae
511 2280 637 2339 cantoris
649 2279 712 2339 fata
726 2283 896 2357 sequantur,

182 2381 353 2458 Numquam
366 2379 564 2452 1111111111,
579 2377 688 2452 invide,
705 2397 806 2438 caecus
819 2397 878 2438 ero.
960 2385 997 2438 20

145 2480 202 2540 Sed
214 2481 271 2540 tibi
285 2480 310 2540 si
323 2480 416 2540 exiles
429 2479 530 2538 videor
541 2477 681 2538 tenuatus
694 2478 726 2537 in
741 2481 832 2552 artus,

183 2579 327 2639 Falleris:
349 2581 424 2638 haut
437 2598 577 2656 umquam
591 2582 636 2638 est
650 2579 730 2637 culta
742 2579 841 2638 labore
854 2579 966 2639 Venus.

144 2678 318 2737 Pereoutere
330 2677 402 2737 licet
414 2699 420 2735 :
444 2697 529 2755 saepe
543 2680 589 2737 est
601 2681 722 2755 experta
734 2677 835 2755 puella

183 2777 318 2836 Officium
329 2779 394 2836 tota
406 2779 493 2835 nocte
505 2777 603 2835 valere
616 2796 724 2835 meum

144 2876 280 2954 Iuppiter
293 2876 451 2934 Alcmenae
465 2875 595 2950 geminas
608 2876 794 2954 requieverat
806 2875 922 2950 Arctos,
958 2881 996 2935 25

182 2977 222 3034 Et
236 2975 349 3034 eaelum
362 2977 452 3033 noctu
465 2974 510 3033 bis
524 2974 587 3034 sine
600 2995 668 3050 rege
681 2975 760 3033 fuit:

143 3073 172 3133 N
174 3093 205 3133 ee
218 3077 317 3133 tamen
329 3072 436 3131 idcirco
450 3073 594 3147 languens
607 3074 644 3132 ad
656 3073 782 3131 fulmine
794 3072 886 3132 venit.

181 3172 291 3231 Nullus
305 3191 385 3229 amor
397 3170 475 3229 vires
490 3169 579 3246 eripit
592 3170 655 3247 ipse
669 3191 744 3230 suas.

143 3269 244 3335 Quid?
265 3289 332 3328 cum
345 3288 361 3328 e
376 3269 530 3345 complexu
543 3269 689 3329 Briseidos
702 3268 760 3329 iret
772 3269 914 3342 Achilles,

42 3386 106 3512 X
181 3368 211 3428 N
211 3388 261 3427 um
274 3367 376 3442 lugere
390 3367 487 3425 miuus
500 3367 638 3427 ’1111111111
651 3368 711 3427 tela
725 3367 881 3445 Phryges?
958 3374 995 3426 30
