2122 3728
228 202 447 260 PROPERTII
468 202 527 260 EL.
551 204 595 275 II,
621 203 666 262 17.
692 208 737 262 18.
871 205 908 261 47

446 379 522 419 XVH.

52 478 174 537 Mentiri
187 481 312 551 noctem,
328 480 476 554 promissis
489 481 594 539 ducere
609 483 764 552 amantem,

91 578 156 635 Hoc
170 577 228 636 erit
241 576 364 636 iniectas
379 580 521 653 sanguine
534 580 641 639 habere
654 600 767 638 manus.

54 677 171 733 Horum
185 695 238 750 ego
253 696 316 734 sum
329 680 421 749 vates,
438 677 574 754 quotiens
586 678 718 738 desertus
731 697 842 737 amaras

91 775 220 852 Explevi
232 779 341 848 noctes,
356 776 469 835 fractus
484 780 611 853 utroque
624 780 697 836 toro.

53 877 109 935 Vel
121 879 156 934 tu
170 876 313 935 Tantalea
325 895 458 935 moveare
472 877 644 936 adflumina
658 881 744 950 sorte,
891 883 907 934 5

92 976 135 1034 Ut
148 975 248 1052 liquor
261 974 356 1033 arenti
368 973 455 1034 fallat
468 977 504 1034 ab
519 995 568 1034 ore
582 974 671 1048 sitim,

53 1073 110 1131 Vel
122 1077 158 1132 tu
172 1073 324 1150 Sisyphios
337 1073 408 1132 licet
421 1073 562 1133 admirere
575 1074 697 1146 labores,

92 1172 218 1231 Difficile
232 1176 268 1231 ut
280 1176 342 1232 tcto
356 1176 454 1232 mente
468 1175 584 1232 volutet
598 1193 690 1232 onus:

52 1271 164 1330 Durius
176 1270 209 1330 in
222 1271 309 1329 terris
321 1271 399 1329 nihil
412 1275 456 1330 est
470 1272 549 1348 quod
561 1272 644 1330 vivat
657 1276 781 1343 amante,

92 1369 163 1441 Nec,
178 1371 266 1427 mcdc
280 1369 305 1428 si
319 1369 423 1447 sapias,
439 1369 627 1446 quodminus
641 1390 703 1429 esse
716 1371 799 1429 velis.
874 1375 908 1428 10

54 1467 148 1532 Quem
161 1468 245 1526 modo
258 1467 373 1526 felicem
386 1467 498 1526 invidia
511 1467 672 1527 admirante
684 1468 827 1540 ferebant,

92 1567 180 1626 Nunc
194 1567 305 1626 decimo
319 1549 457 1627 admittor
470 1568 523 1626 vix
537 1587 589 1642 ego
604 1588 721 1645 quoque
735 1567 793 1626 die.ยน

54 1665 141 1724 Nunc
154 1667 248 1724 iacere
262 1686 278 1724 e
291 1667 364 1725 duro
378 1686 482 1742 corpus
495 1667 588 1738 iuvat,
604 1667 703 1743 impia,
720 1663 800 1738 saxo,

94 1764 215 1824 Sumere
229 1768 259 1824 et
271 1765 304 1823 in
316 1770 431 1825 nostres
443 1765 515 1824 trita
528 1785 643 1824 venena
655 1785 768 1823 manus.

54 1862 116 1922 Nec
129 1862 200 1922 licet
212 1863 244 1920 in
258 1863 356 1922 triviis
370 1864 445 1922 sicca
457 1863 639 1941 requiescere
651 1863 732 1935 luna,
873 1869 907 1922 15

93 1964 155 2020 Aut
168 1981 221 2038 per
233 1962 353 2020 rimosas
367 1963 486 2021 mittere
499 1964 589 2021 verba
601 1962 687 2019 fores.

55 2060 138 2124 Quod
152 2060 286 2137 quamvis
298 2060 342 2118 ita
355 2061 402 2133 sit,
419 2061 564 2119 dominam
577 2063 691 2120 mutare
705 2062 820 2119 cavebo,

94 2159 169 2216 Turn
182 2158 274 2230 flebit,
292 2178 358 2216 cum
371 2159 404 2216 in
417 2179 464 2218 me
478 2159 602 2217 senserit
615 2179 676 2218 esse
690 2160 786 2219 fidem.

436 2355 523 2394 xum.

54 2458 195 2517 Assiduae
209 2458 312 2517 multis
325 2458 423 2516 odium
436 2478 573 2534 peperere
588 2461 754 2535 querellae:

93 2556 253 2631 Frangitur
266 2557 298 2614 in
310 2556 401 2615 tacito
414 2556 524 2614 femina
538 2576 623 2633 saepe
636 2558 710 2617 viro.

55 2655 87 2714 Si
101 2656 173 2732 quid
185 2655 296 2727 vidisti,
313 2675 426 2731 semper
438 2655 545 2713 vidisse
558 2659 682 2729 negato:

93 2754 157 2812 Aut
170 2753 195 2812 si
209 2753 280 2830 quid
294 2754 390 2812 doluit
402 2753 488 2825 forte,
504 2754 602 2812 dolere
615 2774 700 2829 nega.

55 2851 133 2914 Quid
146 2871 210 2909 mea
224 2852 249 2909 si
262 2851 342 2910 canis
356 2854 435 2910 aetas
449 2856 613 2911 canesceret
626 2853 718 2926 annis,
889 2858 905 2909 5

94 2950 134 3008 Et
145 2951 256 3009 iaceret
265 2951 372 3008 scissas
385 2951 525 3024 languida
537 2970 611 3024 ruga
624 2950 737 3024 genas?

53 3049 97 3108 At
109 3069 168 3107 non
181 3050 303 3108 Tithoni
316 3069 454 3125 spernens
468 3051 582 3108 Aurora
596 3053 740 3108 senectam

92 3148 249 3207 Desertum
262 3149 324 3207 an
336 3168 421 3225 passa
433 3149 526 3206 iacere
539 3148 623 3205 domo
638 3152 691 3206 est.

54 3247 148 3305 Illum
161 3247 198 3304 111
211 3246 321 3304 vicinos
335 3267 402 3305 cnm
415 3247 551 3322 amplexa
564 3247 729 3323 quiesceret
740 3245 847 3318 indes,

92 3345 225 3404 Maturos
235 3346 344 3405 iterum
359 3349 403 3406 est
418 3351 527 3426 questa
540 3347 642 3409 redire
658 3348 736 3408 dies.
896 3349 940 3398 W
