2122 3728
102 248 157 302 120
314 242 534 301 rnornnrn
552 242 615 301 nn.
635 242 693 316 rv,
716 249 746 303 s.

138 400 337 477 concordique
349 404 414 459 toro
426 401 554 477 pessima
567 421 683 478 semper
695 401 771 473 avis,

98 500 266 575 Penelopen
279 519 396 576 quoque
408 501 544 574 neglecto
556 520 675 559 rumore
687 500 793 559 mariti

139 599 258 658 Nubere
271 599 379 658 lascivo
393 603 510 673 cogeret
522 600 665 658 Antinoo.

98 701 158 758 Illa
171 701 253 772 velit,
269 701 378 777 poterit
389 721 510 775 magnes
521 720 581 758 non
594 701 702 759 ducere
714 700 841 772 ferrum,

137 800 179 857 Et
190 799 318 857 volucris
330 799 408 857 nidis
421 819 484 857 esse
497 819 623 857 noverca
636 799 708 857 suis.
922 803 957 856 lo

99 897 214 973 Quippe
228 903 268 969 et,
284 898 413 956 Collinas
426 899 464 956 ad
474 898 583 956 fossam
596 897 725 958 moverit
737 899 856 970 herbas,

138 997 255 1055 Stantia
268 997 400 1056 currenti
412 998 598 1056 diluerentur
610 1017 697 1074 aqua

97 1096 206 1154 Audax
220 1101 356 1155 cantatae
369 1097 450 1170 leges
463 1096 602 1172 inponere
615 1096 705 1154 lunae

138 1196 179 1254 Et
193 1216 246 1254 sua
259 1201 402 1254 nocturno
414 1197 518 1254 fallere
531 1201 616 1269 terga
628 1196 700 1270 lupo

101 1294 203 1353 Posset
216 1295 392 1354 etintentos
406 1299 472 1353 astu
486 1314 602 1352 caecare
615 1293 747 1365 maritos,
920 1297 953 1350 15

139 1394 296 1452 cornicum
308 1392 468 1452 immeritas
481 1392 559 1450 eruit
572 1412 674 1466 ungue
687 1411 789 1466 genas,

100 1491 314 1568 consuluitque
328 1491 433 1565 striges
445 1495 544 1549 nostro
557 1491 593 1548 de
607 1490 760 1564 sanguiue,
777 1491 855 1550 etin
866 1509 913 1549 me

137 1591 338 1667 Hippomanes
350 1590 430 1648 letae
444 1589 554 1648 semina
567 1589 642 1663 legit
655 1609 759 1666 equae.

97 1690 247 1748 Exorabat
260 1708 333 1765 opus
347 1687 444 1748 verbis
458 1708 512 1746 ceu
524 1688 634 1746 blanda
645 1707 762 1746 unsrun

136 1788 334 1864 Saxosamque
347 1806 439 1845 rnnlr
452 1787 767 1845 sedulaovurlviam:
916 1790 954 1845 2⁰

100 1892 118 1920 “
131 1887 163 1945 Si
175 1890 206 1945 te
220 1887 281 1944 an
293 1887 492 1944 Doaozlrrun
505 1885 590 1943 iuvat
603 1905 692 1943 aurea
704 1886 772 1961 ripa

136 1987 176 2044 Et
190 2006 264 2062 quae
279 1986 332 2043 sub
347 1985 437 2062 Tyria
451 1985 560 2042 coneha
574 1984 707 2059 superbit
720 2004 808 2061 aqua,

97 2087 301 2164 Eurypylique
314 2088 411 2162 placet
425 2086 500 2144 Coae
513 2089 635 2143 textura
648 2085 813 2157 Minervae,

137 2188 281 2263 Sectaque
295 2188 330 2244 ab
345 2185 482 2245 Attalicis
496 2183 595 2259 putria
610 2183 693 2257 signa
706 2182 790 2255 toris,

98 2285 156 2345 Seu
171 2306 245 2362 quae
258 2286 429 2361 palmiferae
441 2285 566 2342 mittunt
579 2283 696 2341 venalia
709 2284 838 2356 Thebae,
916 2288 953 2342 25

136 2387 313 2462 Murreaque
326 2386 359 2443 in
372 2385 492 2445 Parthis
505 2384 610 2459 pocula
624 2387 705 2441 cocta
717 2383 812 2442 locis:

99 2484 208 2561 Sperne
221 2485 317 2555 fidem,
333 2485 474 2560 provolve
489 2483 565 2554 deos,
581 2481 733 2540 mendacia
745 2482 878 2556 vincant,

138 2583 250 2657 Frange
264 2585 294 2640 et
307 2583 460 2641 damnosae
474 2581 539 2639 iura
552 2581 721 2656 pudicitiae.

100 2683 140 2740 Et
154 2682 291 2740 simulare
304 2681 401 2740 virum
414 2681 543 2757 pretium
555 2679 644 2738 lacit:
665 2682 750 2737 utere
765 2680 880 2738 causis:

138 2781 233 2839 Maior
246 2781 338 2838 dilata
350 2783 435 2838 noete
449 2783 581 2838 recurret
594 2798 682 2836 amor.
916 2785 953 2838 30

100 2880 132 2939 Si
145 2880 201 2939 tibi
214 2879 291 2938 forte
305 2899 399 2937 comas
413 2879 574 2949 vexaverit,
590 2877 673 2936 utilis
685 2877 748 2934 ira:

138 2979 209 3037 Post
222 2979 305 3036 modo
319 2980 446 3036 mercata
459 2997 530 3054 pace
542 2976 717 3052 premendus
731 2975 797 3034 erit.

99 3076 234 3153 Denique
248 3076 300 3135 ubi
315 3077 453 3153 amplexu
466 3077 610 3135 Venerem
622 3074 790 3150 promiseris
804 3079 911 3153 empto,

139 3175 198 3233 Fac
212 3175 331 3233 simules
343 3195 432 3251 puros
445 3175 534 3233 Isidis
548 3192 609 3232 esse
623 3173 693 3230 dies.

100 3272 221 3346 Ingeret
234 3274 351 3349 Apriles
365 3274 429 3330 Iole
442 3273 507 3344 tibi,
522 3273 629 3330 tundat
642 3271 766 3349 Amycle
913 3275 950 3328 35

138 3369 275 3430 Natalem
287 3371 363 3430 Mais
375 3370 473 3430 idibus
487 3390 548 3430 esse
561 3374 656 3429 tuum.
