<?xml version="1.0" encoding="UTF-8"?>
<!DOCTYPE html PUBLIC "-//W3C//DTD XHTML 1.0 Transitional//EN"
    "http://www.w3.org/TR/xhtml1/DTD/xhtml1-transitional.dtd">
<html xmlns="http://www.w3.org/1999/xhtml" xml:lang="en" lang="en">
 <head>
  <title>
</title>
<meta http-equiv="Content-Type" content="text/html;charset=utf-8" />
  <meta name='ocr-system' content='tesseract 3.04.00' />
  <meta name='ocr-capabilities' content='ocr_page ocr_carea ocr_par ocr_line ocrx_word'/>
</head>
<body>
  <div class='ocr_page' id='page_1' title='image "./sexpropertiiele01propgoog_0204.png"; bbox 0 0 2122 3728; ppageno 0'>
   <div class='ocr_carea' id='block_1_1' title="bbox 277 211 922 286">
    <p class='ocr_par' dir='ltr' id='par_1_1' title="bbox 277 211 922 286">
     <span class='ocr_line' id='line_1_1' title="bbox 277 211 922 286; baseline -0.002 -14"><span class='ocrx_word' id='word_1_1' title='bbox 277 211 578 273; x_wconf 72' lang='lat' dir='ltr'>recrearunt.</span> <span class='ocrx_word' id='word_1_2' title='bbox 599 211 654 286; x_wconf 68' lang='lat' dir='ltr'>nr,</span> <span class='ocrx_word' id='word_1_3' title='bbox 677 217 705 273; x_wconf 87' lang='lat' dir='ltr'>a.</span> <span class='ocrx_word' id='word_1_4' title='bbox 867 217 922 271; x_wconf 82' lang='lat'>129</span> 
     </span>
    </p>
   </div>
   <div class='ocr_carea' id='block_1_2' title="bbox 76 368 932 3498">
    <p class='ocr_par' dir='ltr' id='par_1_2' title="bbox 76 368 932 3498">
     <span class='ocr_line' id='line_1_2' title="bbox 113 368 639 447; baseline -0.002 -17"><span class='ocrx_word' id='word_1_5' title='bbox 113 372 216 447; x_wconf 78' lang='lat' dir='ltr'>Egerit</span> <span class='ocrx_word' id='word_1_6' title='bbox 228 370 330 432; x_wconf 84' lang='lat' dir='ltr'>effusis</span> <span class='ocrx_word' id='word_1_7' title='bbox 342 373 461 447; x_wconf 88' lang='lat' dir='ltr'>pertua</span> <span class='ocrx_word' id='word_1_8' title='bbox 475 389 546 429; x_wconf 85' lang='lat' dir='ltr'>saxa</span> <span class='ocrx_word' id='word_1_9' title='bbox 558 368 639 444; x_wconf 85' lang='lat' dir='ltr'>rotis,</span> 
     </span>
     <span class='ocr_line' id='line_1_3' title="bbox 76 468 877 548; baseline -0.004 -18"><span class='ocrx_word' id='word_1_10' title='bbox 76 471 179 548; x_wconf 85' lang='lat' dir='ltr'>Turpis</span> <span class='ocrx_word' id='word_1_11' title='bbox 192 471 225 529; x_wconf 91' lang='lat' dir='ltr'>in</span> <span class='ocrx_word' id='word_1_12' title='bbox 238 489 343 544; x_wconf 85' lang='lat' dir='ltr'>arcana</span> <span class='ocrx_word' id='word_1_13' title='bbox 355 468 455 528; x_wconf 89' lang='lat' dir='ltr'>sonuit</span> <span class='ocrx_word' id='word_1_14' title='bbox 468 488 534 527; x_wconf 92' lang='lat' dir='ltr'>cum</span> <span class='ocrx_word' id='word_1_15' title='bbox 547 468 614 527; x_wconf 86' lang='lat' dir='ltr'>rixa</span> <span class='ocrx_word' id='word_1_16' title='bbox 626 469 766 543; x_wconf 81' lang='lat' dir='ltr'>taberna3</span> <span class='ocrx_word' id='word_1_17' title='bbox 874 500 877 506; x_wconf 96' lang='lat'>·</span> 
     </span>
     <span class='ocr_line' id='line_1_4' title="bbox 113 568 922 642; baseline -0.002 -12"><span class='ocrx_word' id='word_1_18' title='bbox 113 572 146 630; x_wconf 76' lang='lat' dir='ltr'>Si</span> <span class='ocrx_word' id='word_1_19' title='bbox 159 571 221 630; x_wconf 88' lang='lat' dir='ltr'>sine</span> <span class='ocrx_word' id='word_1_20' title='bbox 234 590 289 642; x_wconf 89' lang='lat' dir='ltr'>me,</span> <span class='ocrx_word' id='word_1_21' title='bbox 304 570 399 628; x_wconf 79' lang='lat' dir='ltr'>famae</span> <span class='ocrx_word' id='word_1_22' title='bbox 412 588 472 626; x_wconf 94' lang='lat' dir='ltr'>non</span> <span class='ocrx_word' id='word_1_23' title='bbox 486 568 548 628; x_wconf 89' lang='lat' dir='ltr'>sine</span> <span class='ocrx_word' id='word_1_24' title='bbox 560 569 628 628; x_wconf 90' lang='lat' dir='ltr'>labe</span> <span class='ocrx_word' id='word_1_25' title='bbox 641 588 731 628; x_wconf 87' lang='lat' dir='ltr'>meae.</span> <span class='ocrx_word' id='word_1_26' title='bbox 885 574 922 628; x_wconf 82' lang='lat'>20</span> 
     </span>
     <span class='ocr_line' id='line_1_5' title="bbox 77 666 850 746; baseline -0.003 -18"><span class='ocrx_word' id='word_1_27' title='bbox 77 670 259 746; x_wconf 72' lang='lat' dir='ltr'>spectaclum</span> <span class='ocrx_word' id='word_1_28' title='bbox 271 667 335 744; x_wconf 86' lang='lat' dir='ltr'>ipsa</span> <span class='ocrx_word' id='word_1_29' title='bbox 347 668 450 726; x_wconf 88' lang='lat' dir='ltr'>sedens</span> <span class='ocrx_word' id='word_1_30' title='bbox 462 667 557 743; x_wconf 87' lang='lat' dir='ltr'>primo</span> <span class='ocrx_word' id='word_1_31' title='bbox 569 669 686 726; x_wconf 90' lang='lat' dir='ltr'>temone</span> <span class='ocrx_word' id='word_1_32' title='bbox 700 666 850 744; x_wconf 88' lang='lat' dir='ltr'>pependit,</span> 
     </span>
     <span class='ocr_line' id='line_1_6' title="bbox 114 764 733 843; baseline 0.002 -18"><span class='ocrx_word' id='word_1_33' title='bbox 114 769 194 825; x_wconf 78' lang='lat' dir='ltr'>Ausa</span> <span class='ocrx_word' id='word_1_34' title='bbox 206 787 259 843; x_wconf 89' lang='lat' dir='ltr'>per</span> <span class='ocrx_word' id='word_1_35' title='bbox 271 766 400 842; x_wconf 87' lang='lat' dir='ltr'>impuros</span> <span class='ocrx_word' id='word_1_36' title='bbox 419 765 503 824; x_wconf 78' lang='lat' dir='ltr'>irena</span> <span class='ocrx_word' id='word_1_37' title='bbox 516 785 631 824; x_wconf 86' lang='lat' dir='ltr'>movere</span> <span class='ocrx_word' id='word_1_38' title='bbox 645 764 733 827; x_wconf 89' lang='lat' dir='ltr'>locos.</span> 
     </span>
     <span class='ocr_line' id='line_1_7' title="bbox 80 864 727 941; baseline -0.002 -18"><span class='ocrx_word' id='word_1_39' title='bbox 80 865 177 924; x_wconf 79' lang='lat' dir='ltr'>Serica</span> <span class='ocrx_word' id='word_1_40' title='bbox 188 886 257 924; x_wconf 91' lang='lat' dir='ltr'>nam</span> <span class='ocrx_word' id='word_1_41' title='bbox 269 868 347 925; x_wconf 81' lang='lat' dir='ltr'>taceo</span> <span class='ocrx_word' id='word_1_42' title='bbox 361 865 435 925; x_wconf 87' lang='lat' dir='ltr'>volsi</span> <span class='ocrx_word' id='word_1_43' title='bbox 449 868 588 941; x_wconf 85' lang='lat' dir='ltr'>carpenta</span> <span class='ocrx_word' id='word_1_44' title='bbox 603 864 727 941; x_wconf 75' lang='lat' dir='ltr'>nepotis,</span> 
     </span>
     <span class='ocr_line' id='line_1_8' title="bbox 116 965 723 1044; baseline 0 -20"><span class='ocrx_word' id='word_1_45' title='bbox 116 969 216 1044; x_wconf 80' lang='lat' dir='ltr'><strong>Atque</strong></span> <span class='ocrx_word' id='word_1_46' title='bbox 229 966 389 1026; x_wconf 73' lang='lat' dir='ltr'>armillatos</span> <span class='ocrx_word' id='word_1_47' title='bbox 402 966 477 1025; x_wconf 91' lang='lat' dir='ltr'>colla</span> <span class='ocrx_word' id='word_1_48' title='bbox 490 965 616 1024; x_wconf 84' lang='lat' dir='ltr'>Molossa</span> <span class='ocrx_word' id='word_1_49' title='bbox 629 984 723 1037; x_wconf 88' lang='lat' dir='ltr'>canes,</span> 
     </span>
     <span class='ocr_line' id='line_1_9' title="bbox 79 1062 926 1138; baseline -0.009 -10"><span class='ocrx_word' id='word_1_50' title='bbox 79 1063 137 1128; x_wconf 79' lang='lat' dir='ltr'>Qui</span> <span class='ocrx_word' id='word_1_51' title='bbox 149 1064 230 1123; x_wconf 91' lang='lat' dir='ltr'>dabit</span> <span class='ocrx_word' id='word_1_52' title='bbox 241 1064 399 1124; x_wconf 90' lang='lat' dir='ltr'>inmundae</span> <span class='ocrx_word' id='word_1_53' title='bbox 412 1063 529 1123; x_wconf 84' lang='lat' dir='ltr'>venalia</span> <span class='ocrx_word' id='word_1_54' title='bbox 540 1062 602 1122; x_wconf 84' lang='lat' dir='ltr'>iata</span> <span class='ocrx_word' id='word_1_55' title='bbox 616 1063 741 1138; x_wconf 81' lang='lat' dir='ltr'>saginae,</span> <span class='ocrx_word' id='word_1_56' title='bbox 889 1069 926 1121; x_wconf 82' lang='lat'>25</span> 
     </span>
     <span class='ocr_line' id='line_1_10' title="bbox 117 1162 759 1239; baseline 0.002 -19"><span class='ocrx_word' id='word_1_57' title='bbox 117 1163 226 1223; x_wconf 81' lang='lat' dir='ltr'>Vincet</span> <span class='ocrx_word' id='word_1_58' title='bbox 238 1164 289 1224; x_wconf 91' lang='lat' dir='ltr'>ubi</span> <span class='ocrx_word' id='word_1_59' title='bbox 303 1183 398 1222; x_wconf 85' lang='lat' dir='ltr'>erasas</span> <span class='ocrx_word' id='word_1_60' title='bbox 409 1164 500 1223; x_wconf 89' lang='lat' dir='ltr'>barba</span> <span class='ocrx_word' id='word_1_61' title='bbox 512 1162 648 1239; x_wconf 90' lang='lat' dir='ltr'>pudenda</span> <span class='ocrx_word' id='word_1_62' title='bbox 661 1181 759 1238; x_wconf 85' lang='lat' dir='ltr'>genas.</span> 
     </span>
     <span class='ocr_line' id='line_1_11' title="bbox 79 1259 700 1338; baseline 0 -18"><span class='ocrx_word' id='word_1_63' title='bbox 79 1263 152 1320; x_wconf 81' lang='lat' dir='ltr'>Cum</span> <span class='ocrx_word' id='word_1_64' title='bbox 165 1263 249 1321; x_wconf 88' lang='lat' dir='ltr'>fieret</span> <span class='ocrx_word' id='word_1_65' title='bbox 260 1266 359 1321; x_wconf 86' lang='lat' dir='ltr'>nostro</span> <span class='ocrx_word' id='word_1_66' title='bbox 372 1261 481 1321; x_wconf 88' lang='lat' dir='ltr'>totiens</span> <span class='ocrx_word' id='word_1_67' title='bbox 493 1259 602 1319; x_wconf 88' lang='lat' dir='ltr'>iniuria</span> <span class='ocrx_word' id='word_1_68' title='bbox 613 1261 700 1338; x_wconf 86' lang='lat' dir='ltr'>lecto,</span> 
     </span>
     <span class='ocr_line' id='line_1_12' title="bbox 116 1361 651 1420; baseline -0.002 -1"><span class='ocrx_word' id='word_1_69' title='bbox 116 1361 232 1420; x_wconf 87' lang='lat' dir='ltr'>Mutato</span> <span class='ocrx_word' id='word_1_70' title='bbox 245 1361 327 1420; x_wconf 83' lang='lat' dir='ltr'>volui</span> <span class='ocrx_word' id='word_1_71' title='bbox 340 1366 435 1420; x_wconf 86' lang='lat' dir='ltr'>castra</span> <span class='ocrx_word' id='word_1_72' title='bbox 446 1379 563 1420; x_wconf 83' lang='lat' dir='ltr'>movere</span> <span class='ocrx_word' id='word_1_73' title='bbox 576 1364 651 1419; x_wconf 86' lang='lat' dir='ltr'>toro.</span> 
     </span>
     <span class='ocr_line' id='line_1_13' title="bbox 78 1459 842 1539; baseline -0.001 -19"><span class='ocrx_word' id='word_1_74' title='bbox 78 1461 194 1539; x_wconf 80' lang='lat' dir='ltr'>Phyllis</span> <span class='ocrx_word' id='word_1_75' title='bbox 206 1461 371 1520; x_wconf 76' lang='lat' dir='ltr'>Aventinae</span> <span class='ocrx_word' id='word_1_76' title='bbox 385 1461 528 1539; x_wconf 84' lang='lat' dir='ltr'>quaedam</span> <span class='ocrx_word' id='word_1_77' title='bbox 542 1463 587 1520; x_wconf 85' lang='lat' dir='ltr'>est</span> <span class='ocrx_word' id='word_1_78' title='bbox 600 1459 698 1519; x_wconf 86' lang='lat' dir='ltr'>vicina</span> <span class='ocrx_word' id='word_1_79' title='bbox 711 1459 842 1534; x_wconf 89' lang='lat' dir='ltr'>Dianae;</span> 
     </span>
     <span class='ocr_line' id='line_1_14' title="bbox 119 1557 928 1636; baseline -0.004 -17"><span class='ocrx_word' id='word_1_80' title='bbox 119 1560 220 1619; x_wconf 86' lang='lat' dir='ltr'>Sobria</span> <span class='ocrx_word' id='word_1_81' title='bbox 233 1563 317 1634; x_wconf 85' lang='lat' dir='ltr'>grata</span> <span class='ocrx_word' id='word_1_82' title='bbox 328 1579 452 1636; x_wconf 84' lang='lat' dir='ltr'>parum:</span> <span class='ocrx_word' id='word_1_83' title='bbox 475 1577 543 1616; x_wconf 89' lang='lat' dir='ltr'>cum</span> <span class='ocrx_word' id='word_1_84' title='bbox 558 1557 642 1630; x_wconf 81' lang='lat' dir='ltr'><strong>bibit,</strong></span> <span class='ocrx_word' id='word_1_85' title='bbox 659 1577 743 1617; x_wconf 90' lang='lat' dir='ltr'>omne</span> <span class='ocrx_word' id='word_1_86' title='bbox 756 1557 848 1618; x_wconf 89' lang='lat' dir='ltr'>decet.</span> <span class='ocrx_word' id='word_1_87' title='bbox 891 1563 928 1616; x_wconf 87' lang='grc'>30</span> 
     </span>
     <span class='ocr_line' id='line_1_15' title="bbox 80 1656 675 1735; baseline -0.005 -19"><span class='ocrx_word' id='word_1_88' title='bbox 80 1660 184 1718; x_wconf 84' lang='lat' dir='ltr'>Altera</span> <span class='ocrx_word' id='word_1_89' title='bbox 197 1658 333 1735; x_wconf 84' lang='lat' dir='ltr'>Tarpeios</span> <span class='ocrx_word' id='word_1_90' title='bbox 346 1663 387 1717; x_wconf 82' lang='lat' dir='ltr'>cat</span> <span class='ocrx_word' id='word_1_91' title='bbox 401 1657 480 1716; x_wconf 88' lang='lat' dir='ltr'>inter</span> <span class='ocrx_word' id='word_1_92' title='bbox 493 1656 565 1715; x_wconf 81' lang='lat' dir='ltr'>Teia</span> <span class='ocrx_word' id='word_1_93' title='bbox 576 1657 659 1714; x_wconf 86' lang='lat' dir='ltr'>lucos</span> <span class='ocrx_word' id='word_1_94' title='bbox 666 1677 675 1730; x_wconf 84' lang='lat'>3</span> 
     </span>
     <span class='ocr_line' id='line_1_16' title="bbox 119 1751 748 1832; baseline -0.005 -17"><span class='ocrx_word' id='word_1_95' title='bbox 119 1756 256 1829; x_wconf 83' lang='lat' dir='ltr'>Candida,</span> <span class='ocrx_word' id='word_1_96' title='bbox 272 1757 323 1815; x_wconf 90' lang='lat' dir='ltr'>sed</span> <span class='ocrx_word' id='word_1_97' title='bbox 334 1760 420 1832; x_wconf 89' lang='lat' dir='ltr'>potae</span> <span class='ocrx_word' id='word_1_98' title='bbox 433 1775 493 1814; x_wconf 91' lang='lat' dir='ltr'>non</span> <span class='ocrx_word' id='word_1_99' title='bbox 506 1753 577 1814; x_wconf 84' lang='lat' dir='ltr'>satis</span> <span class='ocrx_word' id='word_1_100' title='bbox 590 1772 668 1812; x_wconf 85' lang='lat' dir='ltr'>nnus</span> <span class='ocrx_word' id='word_1_101' title='bbox 682 1751 748 1812; x_wconf 87' lang='lat' dir='ltr'>erit.</span> 
     </span>
     <span class='ocr_line' id='line_1_17' title="bbox 80 1851 723 1930; baseline -0.005 -17"><span class='ocrx_word' id='word_1_102' title='bbox 80 1855 138 1914; x_wconf 89' lang='lat' dir='ltr'>His</span> <span class='ocrx_word' id='word_1_103' title='bbox 151 1874 203 1930; x_wconf 89' lang='lat' dir='ltr'>ego</span> <span class='ocrx_word' id='word_1_104' title='bbox 218 1855 356 1914; x_wconf 87' lang='lat' dir='ltr'>constitui</span> <span class='ocrx_word' id='word_1_105' title='bbox 368 1857 484 1913; x_wconf 88' lang='lat' dir='ltr'>noctem</span> <span class='ocrx_word' id='word_1_106' title='bbox 498 1852 589 1912; x_wconf 80' lang='lat' dir='ltr'>lenire</span> <span class='ocrx_word' id='word_1_107' title='bbox 603 1851 723 1924; x_wconf 87' lang='lat' dir='ltr'>vocatis,</span> 
     </span>
     <span class='ocr_line' id='line_1_18' title="bbox 120 1952 704 2028; baseline -0.005 -17"><span class='ocrx_word' id='word_1_108' title='bbox 120 1954 160 2012; x_wconf 80' lang='lat' dir='ltr'>Et</span> <span class='ocrx_word' id='word_1_109' title='bbox 173 1954 286 2013; x_wconf 87' lang='lat' dir='ltr'>Venere</span> <span class='ocrx_word' id='word_1_110' title='bbox 299 1954 401 2028; x_wconf 84' lang='lat' dir='ltr'>ignota</span> <span class='ocrx_word' id='word_1_111' title='bbox 413 1952 495 2011; x_wconf 71' lang='lat' dir='ltr'>fruta</span> <span class='ocrx_word' id='word_1_112' title='bbox 507 1970 615 2010; x_wconf 81' lang='lat' dir='ltr'>novare</span> <span class='ocrx_word' id='word_1_113' title='bbox 629 1969 704 2009; x_wconf 86' lang='lat' dir='ltr'>mea.</span> 
     </span>
     <span class='ocr_line' id='line_1_19' title="bbox 81 2050 929 2112; baseline -0.001 -1"><span class='ocrx_word' id='word_1_114' title='bbox 81 2054 165 2112; x_wconf 90' lang='lat' dir='ltr'>Unus</span> <span class='ocrx_word' id='word_1_115' title='bbox 178 2055 241 2112; x_wconf 87' lang='lat' dir='ltr'>erat</span> <span class='ocrx_word' id='word_1_116' title='bbox 253 2053 348 2112; x_wconf 85' lang='lat' dir='ltr'>tribus</span> <span class='ocrx_word' id='word_1_117' title='bbox 360 2052 393 2111; x_wconf 87' lang='lat' dir='ltr'>in</span> <span class='ocrx_word' id='word_1_118' title='bbox 407 2054 517 2110; x_wconf 86' lang='lat' dir='ltr'>secreta</span> <span class='ocrx_word' id='word_1_119' title='bbox 529 2050 658 2110; x_wconf 87' lang='lat' dir='ltr'>lectulus</span> <span class='ocrx_word' id='word_1_120' title='bbox 670 2051 773 2109; x_wconf 72' lang='lat' dir='ltr'>herba</span> <span class='ocrx_word' id='word_1_121' title='bbox 893 2057 929 2110; x_wconf 84' lang='lat'>35</span> 
     </span>
     <span class='ocr_line' id='line_1_20' title="bbox 121 2149 775 2226; baseline -0.003 -15"><span class='ocrx_word' id='word_1_122' title='bbox 121 2153 242 2218; x_wconf 79' lang='lat' dir='ltr'>Quaeris</span> <span class='ocrx_word' id='word_1_123' title='bbox 255 2151 438 2212; x_wconf 72' lang='lat' dir='ltr'>discubitus?</span> <span class='ocrx_word' id='word_1_124' title='bbox 458 2150 537 2210; x_wconf 88' lang='lat' dir='ltr'>inter</span> <span class='ocrx_word' id='word_1_125' title='bbox 549 2154 707 2226; x_wconf 87' lang='lat' dir='ltr'>utramque</span> <span class='ocrx_word' id='word_1_126' title='bbox 719 2149 775 2209; x_wconf 80' lang='lat' dir='ltr'>fui.</span> 
     </span>
     <span class='ocr_line' id='line_1_21' title="bbox 81 2248 870 2328; baseline 0 -20"><span class='ocrx_word' id='word_1_127' title='bbox 81 2251 248 2327; x_wconf 82' lang='lat' dir='ltr'>Lygdamus</span> <span class='ocrx_word' id='word_1_128' title='bbox 261 2251 298 2308; x_wconf 87' lang='lat' dir='ltr'>ad</span> <span class='ocrx_word' id='word_1_129' title='bbox 311 2251 440 2328; x_wconf 87' lang='lat' dir='ltr'>cyathos,</span> <span class='ocrx_word' id='word_1_130' title='bbox 456 2248 587 2326; x_wconf 82' lang='lat' dir='ltr'>va&#39;trique</span> <span class='ocrx_word' id='word_1_131' title='bbox 601 2248 713 2309; x_wconf 85' lang='lat' dir='ltr'>aestiva</span> <span class='ocrx_word' id='word_1_132' title='bbox 726 2250 870 2327; x_wconf 81' lang='lat' dir='ltr'>supellex,</span> 
     </span>
     <span class='ocr_line' id='line_1_22' title="bbox 120 2347 698 2426; baseline 0.002 -20"><span class='ocrx_word' id='word_1_133' title='bbox 120 2350 161 2407; x_wconf 84' lang='lat' dir='ltr'>Et</span> <span class='ocrx_word' id='word_1_134' title='bbox 173 2348 375 2426; x_wconf 86' lang='lat' dir='ltr'>Methymnaei</span> <span class='ocrx_word' id='word_1_135' title='bbox 388 2349 497 2408; x_wconf 82' lang='lat' dir='ltr'>Graeca</span> <span class='ocrx_word' id='word_1_136' title='bbox 510 2347 602 2407; x_wconf 84' lang='lat' dir='ltr'>saliva</span> <span class='ocrx_word' id='word_1_137' title='bbox 614 2347 698 2408; x_wconf 88' lang='lat' dir='ltr'>meri.</span> 
     </span>
     <span class='ocr_line' id='line_1_23' title="bbox 82 2447 772 2527; baseline 0.001 -22"><span class='ocrx_word' id='word_1_138' title='bbox 82 2449 150 2507; x_wconf 84' lang='lat' dir='ltr'>Nile</span> <span class='ocrx_word' id='word_1_139' title='bbox 163 2452 233 2507; x_wconf 89' lang='lat' dir='ltr'>tuus</span> <span class='ocrx_word' id='word_1_140' title='bbox 245 2448 356 2508; x_wconf 89' lang='lat' dir='ltr'>tibicen</span> <span class='ocrx_word' id='word_1_141' title='bbox 369 2451 440 2520; x_wconf 89' lang='lat' dir='ltr'>erat,</span> <span class='ocrx_word' id='word_1_142' title='bbox 457 2447 633 2508; x_wconf 87' lang='lat' dir='ltr'>crotalistria</span> <span class='ocrx_word' id='word_1_143' title='bbox 646 2447 772 2527; x_wconf 83' lang='lat' dir='ltr'>Phyllis,</span> 
     </span>
     <span class='ocr_line' id='line_1_24' title="bbox 121 2545 932 2623; baseline 0.004 -19"><span class='ocrx_word' id='word_1_144' title='bbox 121 2547 162 2605; x_wconf 81' lang='lat' dir='ltr'>Ilt</span> <span class='ocrx_word' id='word_1_145' title='bbox 174 2547 269 2606; x_wconf 82' lang='lat' dir='ltr'>facilis</span> <span class='ocrx_word' id='word_1_146' title='bbox 282 2546 380 2623; x_wconf 88' lang='lat' dir='ltr'>spargi</span> <span class='ocrx_word' id='word_1_147' title='bbox 392 2547 501 2604; x_wconf 89' lang='lat' dir='ltr'>munda</span> <span class='ocrx_word' id='word_1_148' title='bbox 514 2545 577 2606; x_wconf 89' lang='lat' dir='ltr'>sine</span> <span class='ocrx_word' id='word_1_149' title='bbox 590 2550 653 2607; x_wconf 81' lang='lat' dir='ltr'>arte</span> <span class='ocrx_word' id='word_1_150' title='bbox 666 2567 740 2606; x_wconf 86' lang='lat' dir='ltr'>rosa.</span> <span class='ocrx_word' id='word_1_151' title='bbox 894 2554 932 2607; x_wconf 85' lang='lat'>40</span> 
     </span>
     <span class='ocr_line' id='line_1_25' title="bbox 82 2643 831 2722; baseline 0.004 -19"><span class='ocrx_word' id='word_1_152' title='bbox 82 2644 187 2703; x_wconf 88' lang='lat' dir='ltr'>Nanus</span> <span class='ocrx_word' id='word_1_153' title='bbox 200 2645 305 2722; x_wconf 88' lang='lat' dir='ltr'>etipse</span> <span class='ocrx_word' id='word_1_154' title='bbox 318 2664 385 2703; x_wconf 87' lang='lat' dir='ltr'>snos</span> <span class='ocrx_word' id='word_1_155' title='bbox 397 2643 526 2703; x_wconf 86' lang='lat' dir='ltr'>breviter</span> <span class='ocrx_word' id='word_1_156' title='bbox 539 2650 691 2706; x_wconf 88' lang='lat' dir='ltr'>concretus</span> <span class='ocrx_word' id='word_1_157' title='bbox 705 2646 737 2704; x_wconf 91' lang='lat' dir='ltr'>in</span> <span class='ocrx_word' id='word_1_158' title='bbox 750 2650 831 2706; x_wconf 82' lang='lat' dir='ltr'>artus</span> 
     </span>
     <span class='ocr_line' id='line_1_26' title="bbox 121 2743 742 2803; baseline 0.003 -2"><span class='ocrx_word' id='word_1_159' title='bbox 121 2743 256 2802; x_wconf 84' lang='lat' dir='ltr'>lactabat</span> <span class='ocrx_word' id='word_1_160' title='bbox 268 2747 387 2802; x_wconf 88' lang='lat' dir='ltr'>trunces</span> <span class='ocrx_word' id='word_1_161' title='bbox 400 2744 437 2802; x_wconf 92' lang='lat' dir='ltr'>ad</span> <span class='ocrx_word' id='word_1_162' title='bbox 451 2762 521 2802; x_wconf 84' lang='lat' dir='ltr'>cava</span> <span class='ocrx_word' id='word_1_163' title='bbox 534 2744 616 2802; x_wconf 88' lang='lat' dir='ltr'>buxa</span> <span class='ocrx_word' id='word_1_164' title='bbox 629 2764 742 2803; x_wconf 87' lang='lat' dir='ltr'>manus.</span> 
     </span>
     <span class='ocr_line' id='line_1_27' title="bbox 83 2841 846 2919; baseline 0.003 -19"><span class='ocrx_word' id='word_1_165' title='bbox 83 2843 140 2900; x_wconf 82' lang='lat' dir='ltr'>Sed</span> <span class='ocrx_word' id='word_1_166' title='bbox 152 2861 248 2919; x_wconf 88' lang='lat' dir='ltr'>neque</span> <span class='ocrx_word' id='word_1_167' title='bbox 262 2841 404 2918; x_wconf 87' lang='lat' dir='ltr'>suppletis</span> <span class='ocrx_word' id='word_1_168' title='bbox 417 2843 568 2901; x_wconf 85' lang='lat' dir='ltr'>constabat</span> <span class='ocrx_word' id='word_1_169' title='bbox 580 2843 697 2901; x_wconf 87' lang='lat' dir='ltr'>flamma</span> <span class='ocrx_word' id='word_1_170' title='bbox 710 2842 846 2915; x_wconf 88' lang='lat' dir='ltr'>lucernis,</span> 
     </span>
     <span class='ocr_line' id='line_1_28' title="bbox 120 2938 757 3017; baseline 0.005 -20"><span class='ocrx_word' id='word_1_171' title='bbox 120 2939 237 2999; x_wconf 84' lang='lat' dir='ltr'>Recidit</span> <span class='ocrx_word' id='word_1_172' title='bbox 249 2939 339 3017; x_wconf 87' lang='lat' dir='ltr'>inque</span> <span class='ocrx_word' id='word_1_173' title='bbox 353 2959 419 2999; x_wconf 86' lang='lat' dir='ltr'>suos</span> <span class='ocrx_word' id='word_1_174' title='bbox 431 2959 531 2998; x_wconf 86' lang='lat' dir='ltr'>mensa</span> <span class='ocrx_word' id='word_1_175' title='bbox 543 2940 648 3016; x_wconf 87' lang='lat' dir='ltr'>supina</span> <span class='ocrx_word' id='word_1_176' title='bbox 659 2938 757 3017; x_wconf 87' lang='lat' dir='ltr'>pedes.</span> 
     </span>
     <span class='ocr_line' id='line_1_29' title="bbox 82 3038 931 3116; baseline 0.001 -20"><span class='ocrx_word' id='word_1_177' title='bbox 82 3038 131 3096; x_wconf 90' lang='lat' dir='ltr'>Me</span> <span class='ocrx_word' id='word_1_178' title='bbox 141 3058 257 3115; x_wconf 91' lang='lat' dir='ltr'>quoque</span> <span class='ocrx_word' id='word_1_179' title='bbox 266 3058 318 3114; x_wconf 86' lang='lat' dir='ltr'>per</span> <span class='ocrx_word' id='word_1_180' title='bbox 325 3039 400 3097; x_wconf 85' lang='lat' dir='ltr'>talos</span> <span class='ocrx_word' id='word_1_181' title='bbox 408 3039 552 3098; x_wconf 89' lang='lat' dir='ltr'>Venerem</span> <span class='ocrx_word' id='word_1_182' title='bbox 562 3041 721 3116; x_wconf 87' lang='lat' dir='ltr'>quaerente</span> <span class='ocrx_word' id='word_1_183' title='bbox 732 3039 884 3100; x_wconf 81' lang='lat' dir='ltr'>seeundum</span> <span class='ocrx_word' id='word_1_184' title='bbox 894 3045 931 3097; x_wconf 82' lang='lat'>45</span> 
     </span>
     <span class='ocr_line' id='line_1_30' title="bbox 123 3137 667 3214; baseline 0 -18"><span class='ocrx_word' id='word_1_185' title='bbox 123 3137 242 3214; x_wconf 79' lang='lat' dir='ltr'>Semper</span> <span class='ocrx_word' id='word_1_186' title='bbox 254 3137 383 3197; x_wconf 88' lang='lat' dir='ltr'>damnosi</span> <span class='ocrx_word' id='word_1_187' title='bbox 396 3137 558 3197; x_wconf 84' lang='lat' dir='ltr'>subsiluere</span> <span class='ocrx_word' id='word_1_188' title='bbox 572 3157 667 3196; x_wconf 89' lang='lat' dir='ltr'>canes.</span> 
     </span>
     <span class='ocr_line' id='line_1_31' title="bbox 83 3237 766 3312; baseline 0.001 -17"><span class='ocrx_word' id='word_1_189' title='bbox 83 3237 248 3295; x_wconf 76' lang='lat' dir='ltr'>cantabant</span> <span class='ocrx_word' id='word_1_190' title='bbox 261 3237 356 3307; x_wconf 90' lang='lat' dir='ltr'>surdo,</span> <span class='ocrx_word' id='word_1_191' title='bbox 370 3237 522 3295; x_wconf 87' lang='lat' dir='ltr'>nudabant</span> <span class='ocrx_word' id='word_1_192' title='bbox 534 3240 652 3312; x_wconf 87' lang='lat' dir='ltr'>pectora</span> <span class='ocrx_word' id='word_1_193' title='bbox 665 3253 766 3296; x_wconf 87' lang='lat' dir='ltr'>caeco:</span> 
     </span>
     <span class='ocr_line' id='line_1_32' title="bbox 122 3334 849 3414; baseline 0.006 -22"><span class='ocrx_word' id='word_1_194' title='bbox 122 3334 247 3394; x_wconf 76' lang='lat' dir='ltr'>Lanuvii</span> <span class='ocrx_word' id='word_1_195' title='bbox 260 3335 296 3395; x_wconf 91' lang='lat' dir='ltr'>ad</span> <span class='ocrx_word' id='word_1_196' title='bbox 307 3338 410 3414; x_wconf 84' lang='lat' dir='ltr'>portas</span> <span class='ocrx_word' id='word_1_197' title='bbox 423 3335 451 3397; x_wconf 91' lang='lat' dir='ltr'>ei</span> <span class='ocrx_word' id='word_1_198' title='bbox 463 3334 551 3412; x_wconf 85' lang='lat' dir='ltr'>mihi,</span> <span class='ocrx_word' id='word_1_199' title='bbox 566 3335 651 3398; x_wconf 82' lang='lat' dir='ltr'>selus</span> <span class='ocrx_word' id='word_1_200' title='bbox 662 3334 766 3397; x_wconf 68' lang='lat' dir='ltr'>euaml.</span> <span class='ocrx_word' id='word_1_201' title='bbox 844 3388 849 3396; x_wconf 88' lang='lat'><em>.</em></span> 
     </span>
     <span class='ocr_line' id='line_1_33' title="bbox 481 3457 507 3498; baseline 0 0"><span class='ocrx_word' id='word_1_202' title='bbox 481 3457 507 3498; x_wconf 83' lang='lat' dir='ltr'>n</span> 
     </span>
    </p>
   </div>
   <div class='ocr_carea' id='block_1_3' title="bbox 0 0 1075 3728">
    <p class='ocr_par' dir='ltr' id='par_1_3' title="bbox 0 0 1075 3728">
     <span class='ocr_line' id='line_1_34' title="bbox 0 0 1075 3728; baseline 0 0"><span class='ocrx_word' id='word_1_203' title='bbox 0 0 1075 3728; x_wconf 95' lang='lat' dir='ltr'> </span> 
     </span>
    </p>
   </div>
  </div>
 </body>
</html>
