2122 3728
104 237 172 295 xxii
408 236 648 294 PRAEFATIO.

99 394 209 469 elegiae
230 392 279 452 bic
296 391 410 465 fecisse,
431 394 598 453 credentem
612 399 643 452 tu
657 393 775 470 loquere
789 413 852 452 esse
865 395 954 454 verba

99 493 254 570 Propertii.

140 597 188 651 23.
210 592 257 650 27.
279 592 362 650 sudor
392 591 432 648 N.
483 593 566 650 cordo
590 591 693 650 Hertz.
718 610 784 649 oum
807 590 953 666 Scaligero

99 690 232 766 pessime,
253 688 388 766 sequenti
402 690 481 748 hunc
494 709 611 748 versum
625 690 795 764 adiungens.

142 795 189 848 23.
212 794 259 847 28.
282 790 415 864 ingenuae
425 788 464 846 N.
492 789 619 864 capanule
632 789 758 859 Peleius,
769 788 887 864 optime.

140 893 187 945 23.
210 892 257 946 32.
286 887 383 946 Ureret
391 887 429 944 N.
445 888 552 945 nomiae
566 887 605 959 N,
622 887 662 959 H,
678 907 732 946 uua
745 887 818 946 mili
830 888 875 947 ed.
906 888 955 946 Ita

104 987 229 1045 Ovidius
250 987 286 1044 de
306 986 398 1044 stulto
419 989 534 1045 amante
551 1005 580 1044 se
597 986 777 1062 decipiente:
798 987 866 1045 Am.
881 992 910 1045 2.
925 992 954 1046 2.

102 1092 148 1144 58.
190 1085 305 1144 Viderit
327 1085 390 1161 ipse
416 1085 487 1143 licet
511 1086 609 1143 credet
630 1089 730 1144 tamen
750 1085 802 1143 ille
824 1086 954 1160 neganti,

101 1184 260 1243 Damnabit
281 1205 318 1243 ue
332 1185 430 1243 oculos
444 1188 475 1243 et
489 1184 544 1243 sibi
557 1186 646 1242 verba
659 1183 749 1242 dabit.

144 1288 191 1342 23.
213 1269 280 1340 380
316 1283 385 1354 tN,
401 1282 447 1340 At
460 1282 500 1340 H.
512 1283 540 1340 ai
551 1282 589 1354 N,
605 1302 657 1357 pro
671 1284 725 1341 aad.

143 1387 191 1440 24.
216 1386 313 1440 1.=24.
338 1382 384 1439 17.
408 1382 450 1440 H.
503 1381 634 1439 Sedecim
672 1381 785 1439 ultimis
822 1381 956 1441 versibus

103 1481 213 1554 elegiae
227 1479 382 1554 superioris
397 1479 542 1551 adhaeret,
558 1479 596 1537 N.
638 1481 694 1538 crit
707 1479 744 1538 N.

145 1584 191 1636 24.
215 1583 262 1650 ao,
286 1582 333 1636 21.
357 1577 476 1636 ΛΜΝ.

145 1682 192 1735 24.
215 1682 262 1734 22.
284 1677 380 1735 accito
405 1675 491 1748 libri;
513 1695 584 1735 corr.
607 1676 775 1736 Beroaldus.
816 1677 892 1736 baud
917 1680 960 1737 rto

107 1775 260 1834 Heinsius.

147 1878 194 1931 24.
218 1879 264 1932 35.
286 1873 384 1932 HiN.
426 1873 457 1931 u·
468 1873 509 1930 H.
549 1872 779 1931 IdDresdensis.
825 1873 958 1933 Niconi.

108 1973 323 2030 Lachmannus.

148 2075 195 2128 25.
218 2075 246 2129 2.
268 2071 375 2129 extudit
388 2070 427 2129 N.
442 2070 517 2128 uouit
530 2069 568 2139 N,
586 2073 699 2127 terasa.
741 2070 869 2129 Exludit
888 2090 960 2146 quo·

109 2169 189 2227 niam
203 2188 263 2226 sors
276 2187 349 2240 mea,
368 2173 484 2244 “saepe
497 2167 589 2234 ocut,”
604 2167 720 2239 Hertz,
736 2168 860 2227 editores
873 2169 961 2245 pleri-

112 2286 179 2342 que.
221 2267 311 2323 Hanc
340 2266 496 2324 absurdam
523 2264 680 2323 lectionem
711 2285 806 2341 nuper
835 2268 963 2343 explosit

110 2364 287 2438 Madvigius,
298 2366 413 2423 nescius
425 2364 565 2438 scaligeri
575 2364 771 2423 coniecturam
779 2385 809 2424 se
819 2372 959 2442 repetere.

151 2468 198 2520 25.
221 2469 249 2521 9.
271 2463 473 2522 dodacctlibri.
514 2463 624 2521 diducet
636 2463 787 2522 Heinsius.

151 2567 198 2619 25.
223 2561 269 2619 17.
290 2561 366 2620 uallo
393 2561 471 2621 libri.
512 2561 606 2620 cultae
626 2562 671 2620 ed.
692 2562 741 2622 vel
760 2563 841 2621 ualli.
884 2564 961 2624 Olim

111 2661 260 2737 sufflamine
274 2660 462 2719 conieceram.

153 2766 199 2818 25.
223 2765 270 2819 35.
293 2761 440 2818 Punctum
459 2763 526 2836 post
536 2759 634 2834 foreat
657 2759 750 2835 posui,
777 2781 835 2837 quo
862 2782 962 2822 sensus

111 2858 227 2917 facilius
249 2857 377 2932 intelligi
398 2861 503 2933 posset.
546 2858 670 2916 Sensum
690 2858 723 2915 in
750 2859 876 2919 editione
903 2881 962 2920 sec-

113 2958 192 3016 unda
210 2961 289 3016 recte
310 2957 446 3032 exposuit
464 2956 600 3015 Paleius:
625 2956 679 3014 “si
697 2959 811 3017 saecula
828 2979 907 3017 nunc
920 2960 964 3018 io-

113 3060 180 3115 rcnt
193 3056 292 3133 qualia
305 3055 412 3130 puellis
425 3055 605 3131 temporibus
618 3055 720 3130 priscis
737 3056 923 3131 placebant.''

155 3159 202 3212 25.
226 3153 272 3211 37.
292 3152 434 3211 mutabant
446 3153 485 3213 N.
527 3152 757 3212 Terminationes
765 3157 919 3215 verborum
928 3159 962 3230 tt,

115 3257 153 3323 at,
170 3257 214 3308 et.-
236 3257 293 3323 cat,
316 3256 376 3324 out,
392 3256 437 3309 cat
456 3250 488 3308 in
512 3251 670 3328 archetypo
688 3251 868 3328 distinguere
886 3257 966 3315 haud

113 3350 199 3409 facile
213 3354 284 3410 erat.
509 3355 555 3407 25.
579 3354 625 3407 40.
651 3349 688 3408 or·
698 3349 737 3408 N.
778 3358 872 3412 aratro
886 3354 924 3413 N.
983 3416 997 3438 ,
