2122 3728
119 250 173 302 118
329 241 547 301 PROPERTII
567 241 628 298 EL.
644 240 700 311 IV,
718 243 747 297 4.
769 253 773 258 ’

156 401 343 477 Candidaque
355 401 388 458 in
403 419 501 459 saevos
514 397 638 471 inguina
651 417 738 456 versa
751 397 863 456 canes?
893 418 899 431 ·
938 402 984 454 40⁴

116 504 236 561 Prodita
249 502 320 578 quid
333 502 440 559 mirum
453 499 576 559 fraterni
590 519 701 556 oornua
713 499 853 570 monstri,

156 603 230 660 Cum
243 601 341 677 patuit
354 601 472 659 leetot
445 620 458 657 s
473 599 568 657 amine
582 601 661 656 torta
674 618 725 656 vra
737 597 752 655 ‘r’

117 700 216 765 Quant
217 721 267 757 um
281 719 338 788 ego
348 719 413 785 sum
426 698 573 777 Ausoniis
577 697 723 779 crimen
700 697 821 755 factura
726 696 953 790 Ἤριιθιιιι,

155 801 202 856 Ι
140 799 334 898 κ[ιιοιιιι
305 798 443 871 vrrgineo
445 799 528 873 loeta
533 795 627 877 minis
604 771 682 881 'tia
684 795 774 886 foco:
767 794 774 835 ²

70 880 250 982 Pallados
264 901 315 955 ext
302 896 445 955 tinctos
423 917 447 953 s1
461 897 527 972 quis
540 864 661 953 mirabit
645 899 696 953 tur
709 876 840 967 ignes,
935 899 970 950 45

60 994 128 1069 k
156 998 311 1071 Ignoscat:
281 995 469 1054 tlaorimis
476 995 624 1070 spargitur
639 1014 689 1051 ara
702 993 787 1051 meis

119 1099 197 1168 Cras,
214 1104 249 1156 ut
262 1117 361 1154 rumor
375 1097 425 1167 ait,
439 1099 502 1155 tota
516 1095 669 1153 cassabitur
682 1095 775 1152 urbe:

157 1197 202 1253 Tu
218 1216 289 1270 cape
304 1195 413 1270 spinosi
426 1195 522 1253 rorida
536 1198 620 1266 terga
633 1193 708 1266 iugi.
751 1259 755 1266 .

118 1294 246 1352 Lubrica
260 1297 323 1352 tota
338 1294 387 1351 via
400 1297 444 1351 est
459 1297 489 1352 et
502 1294 629 1369 perfida:
653 1293 764 1369 quippe
774 1286 912 1352 'tacentes

160 1394 272 1452 Fallaoi
287 1394 362 1452 eolat
375 1394 470 1452 limite
485 1414 597 1469 semper
611 1413 711 1469 aquas.
940 1397 976 1449 50
1035 1414 1038 1423 ’

120 1493 144 1549 Ο
159 1493 273 1550 utinam
288 1512 410 1566 magnae
423 1513 536 1550 nossem
551 1491 718 1549 cantamina
731 1491 858 1549 Musae!

158 1590 240 1648 Haeo
255 1610 371 1667 quoque
385 1590 510 1649 formoso
523 1591 627 1664 lingua
640 1590 761 1648 tulisset
776 1610 872 1664 opem.

118 1689 442 1772 Q9aa.pj⁰„tafle⁰et
458 1710 518 1748 non
532 1710 619 1766 quem
633 1689 695 1746 sine
710 1689 816 1746 matris
829 1691 940 1747 honore

160 1787 264 1844 Nutrit
277 1788 453 1846 inhumanae
467 1784 541 1845 dura
553 1787 664 1863 papilla
677 1787 869 1862 lupae-”w

121 1884 177 1954 sie,
190 1886 470 1962 hospes,··pariamne
483 1882 536 1944 tua
549 1884 650 1959 'regina
665 1883 719 1943 su'b
734 1885 830 1944 aula?
940 1890 975 1942 55

158 1985 218 2041 Dos
231 1986 287 2044 tibi
301 2007 360 2044 non
373 1987 494 2045 humilis
507 1986 623 2061 prodita
636 1986 730 2042 Roma
744 1988 840 2045 venit.

123 2081 155 2140 Si
169 2083 275 2155 minus,
294 2090 324 2143 at
337 2090 438 2160 raptae
452 2106 489 2143 ne
504 2085 563 2142 sint
575 2084 696 2159 impune
712 2085 842 2143 Sabinae
856 2108 862 2142 ι

162 2181 211 2237 Me
225 2202 304 2258 rape,
322 2188 352 2241 et
366 2185 480 2242 alterna
493 2185 558 2256 lege
572 2183 698 2258 repende
712 2184 803 2242 vices,

121 2279 293 2338 Commissas
308 2281 382 2339 aoies
397 2302 449 2355 ego
463 2302 580 2357 possum
594 2282 704 2339 solvere
718 2287 834 2356 nupta3

161 2379 220 2435 Vos
234 2380 363 2437 madium
380 2381 460 2455 palla
473 2381 575 2438 foedus
588 2380 662 2438 inite
676 2400 750 2437 mea.
948 2386 983 2438 60

122 2476 206 2534 Adde
217 2478 390 2553 Hymenaee
399 2481 506 2550 modos,
514 2479 633 2537 tubicen
643 2479 707 2537 fera
716 2499 872 2538 murmura
881 2480 981 2539 conde:

162 2575 286 2648 Credita,
302 2581 401 2635 vestra
414 2597 496 2635 meus
510 2577 623 2634 molliet
637 2597 716 2634 arma
729 2581 823 2634 torus.

63 2710 67 2717 ·
123 2673 163 2730 Et
176 2673 235 2730 iam
250 2680 356 2749 quarta
370 2676 450 2734 canit
463 2681 618 2734 venturam
631 2675 738 2734 buoina
751 2676 861 2747 lucem,

164 2772 293 2847 Ipsaque
307 2773 339 2830 in
354 2775 501 2831 Oceanum
516 2775 611 2832 sidera
625 2774 706 2849 lapsa
720 2774 841 2832 eadunt.

126 2869 270 2944 Experiar
286 2891 427 2942 somnum,
444 2873 479 2931 de
490 2877 520 2931 te
534 2874 608 2931 mihi
622 2873 732 2931 somnia
746 2893 911 2950 quaeram:
950 2880 986 2932 65

163 2968 223 3026 Fao
239 2970 339 3029 venias
353 2971 443 3029 oeulis
457 2975 560 3030 umbra
573 2973 701 3046 benigna
713 2973 796 3029 meis.

122 3065 219 3136 Dixit,
237 3071 267 3124 et
280 3068 391 3126 inoerto
405 3070 538 3144 permisit
551 3071 670 3128 braohia
684 3090 793 3140 somno,

162 3164 269 3223 Nescia
282 3186 312 3225 aa
325 3167 410 3226 fariis
424 3169 592 3227 accubuisse
605 3169 698 3227 novis.

121 3260 198 3319 Nam
213 3263 313 3336 Vesta,
330 3266 439 3324 Iliacae
452 3266 527 3325 felix
540 3269 637 3326 tutela
648 3268 778 3337 favillae,

160 3359 283 3437 Culpam
297 3363 351 3421 alit
365 3368 394 3422 et
407 3366 507 3441 plures
521 3367 619 3425 condit
632 3366 664 3424 ιιι
678 3387 742 3424 ossa
754 3365 844 3424 faces.
942 3367 980 3423 70

59 3480 108 3496 ἢ
