2122 3728
308 234 527 294 PROPERTII
548 235 608 293 ΕΙ.
630 234 693 307 ΙΙΙ,
718 237 745 292 1.
916 232 952 290 73

259 737 262 744 ’
362 755 487 814 umas
506 755 688 815 nuestus.

516 1186 538 1224 1.

101 1287 286 1346 Oenomaum
298 1287 400 1346 Manes
414 1290 444 1345 et
458 1286 510 1345 coi
524 1306 605 1345 sacra
617 1285 759 1358 Philotae,

140 1387 179 1444 In
192 1388 331 1458 vestrum,
348 1405 465 1463 quaeso,
480 1405 527 1445 me
541 1384 628 1444 sinite
641 1385 684 1444 ire
697 1405 809 1444 nemus.

100 1484 216 1545 Primus
230 1505 283 1560 ego
296 1483 445 1559 ingredior
457 1504 531 1560 puro
545 1485 581 1542 de
593 1484 676 1542 fonte
691 1484 822 1542 sacerdos

139 1583 218 1642 Itala
231 1602 284 1659 per
297 1582 399 1642 Graios
414 1583 494 1657 orgia
507 1581 585 1641 ferre
599 1583 710 1640 choros.
883 1577 885 1580 ⁴

100 1680 207 1754 Dicite,
224 1700 282 1759 qno
295 1682 405 1757 pariter
419 1700 534 1740 canmen
548 1680 690 1739 tenuastis
702 1679 735 1737 in
749 1679 857 1738 antro?
933 1686 950 1737 5

109 1810 111 1814 ⁷
141 1779 244 1845 Quove
256 1780 330 1856 pede
343 1779 491 1854 ingressi?
512 1800 636 1857 quamve
649 1780 766 1839 bibistis
779 1779 908 1856 aquam?

100 1878 151 1935 Ah
163 1879 270 1951 valeat,
286 1879 437 1938 Phoebum
450 1879 628 1957 quicumque
642 1883 772 1938 moratur
784 1879 816 1937 in
830 1877 916 1937 annis

140 1977 271 2036 Exactus
284 1976 368 2036 tenui
381 1977 496 2053 pumice
509 1998 611 2038 versus
625 1981 680 2051 eat,

102 2077 167 2143 Quo
179 2098 226 2137 me
240 2079 331 2137 Fama
343 2079 424 2137 levat
437 2082 517 2138 terra
530 2078 671 2151 sublimis,
688 2082 718 2138 et
732 2100 749 2138 a
761 2099 808 2138 me

140 2177 170 2235 N
171 2179 219 2235 ata
232 2176 375 2235 coronatis
388 2177 475 2235 Musa
487 2178 651 2254 t1iumphat
665 2177 756 2255 equis,
917 2181 952 2234 10

101 2275 142 2333 Et
154 2294 269 2333 mecum
280 2275 313 2332 in
327 2295 415 2334 curru
426 2275 512 2352 parvi
524 2279 680 2335 vectantur
693 2278 824 2350 Amores,

141 2373 380 2450 Scriptorumque
393 2394 471 2432 meas
483 2377 571 2433 turba
584 2378 684 2434 secuta
696 2379 784 2435 rotas.

102 2470 179 2536 Quid
191 2471 302 2531 frustra
315 2471 446 2531 admissis
458 2472 491 2530 in
503 2492 550 2531 me
564 2473 682 2532 certatis
694 2473 841 2533 habenis?

139 2570 169 2628 N
170 2589 207 2627 on
220 2571 308 2628 datur
320 2570 358 2629 ad
370 2570 470 2629 Musas
484 2591 599 2630 currere
612 2572 674 2630 lata
686 2571 744 2631 via.

101 2668 200 2741 Multi,
216 2669 318 2742 Roma,
334 2675 401 2728 tuas
413 2671 515 2730 laudes
529 2671 683 2729 annalibus
697 2671 813 2742 addent,
916 2673 950 2725 15

141 2766 199 2833 Qui
211 2768 301 2826 finem
314 2768 430 2845 imperii
442 2769 550 2828 Bactra
561 2770 665 2829 futura
679 2772 784 2829 canent
796 2789 803 2826 ε

102 2866 167 2939 Sed,
183 2868 262 2944 quod
274 2887 345 2944 pace
358 2868 447 2943 legas,
464 2888 536 2945 opus
549 2870 604 2927 hoc
618 2868 765 2927 demente
780 2886 908 2926 sororum

139 2964 257 3024 Detulit
269 2965 382 3024 intaeta
394 2966 501 3042 pagina
513 2969 614 3024 nostra
626 2965 683 3024 via.

99 3064 211 3138 Mollia,
227 3065 391 3140 Pegasides,
407 3067 475 3125 date
488 3070 584 3126 vestro
599 3069 676 3124 senta
689 3068 811 3142 poetae:

138 3163 205 3221 Non
217 3163 308 3223 faciet
321 3163 411 3240 capiti
424 3165 497 3223 dura
511 3184 615 3224 corona
627 3183 700 3222 meo.
913 3168 951 3220 20

100 3261 142 3320 At
153 3261 227 3320 mihi
240 3262 319 3340 quod
331 3262 399 3321 vivo
412 3262 575 3322 detraxerit
587 3261 796 3334 invideamus,

138 3359 208 3418 Post
222 3359 336 3419 obitum
349 3360 460 3437 dupiici
473 3359 574 3419 fenore
587 3359 689 3419 reddet
702 3360 813 3418 Honos.
