2122 3728
343 234 655 294 POSTSORIPTUM.
892 236 946 294 lxv

134 398 161 450 3.
185 392 211 450 7,
234 398 281 451 46.
303 393 361 451 Nil
379 392 429 451 abi
452 394 540 451 vauro
554 398 635 467 potes
655 397 723 451 ante
741 412 788 452 me
809 393 946 452 918111)-

92 510 249 550 ssaoamus
263 496 293 551 et
307 494 490 553 Possemus,
578 488 579 492 ’

134 596 160 649 3.
183 596 231 652 21.
253 597 301 650 28.
323 593 421 650 mande
434 595 504 650 ante
516 611 563 650 me
580 595 587 624 ‘
597 591 669 650 alii.’

133 695 161 747 3.
184 694 231 748 24.
254 695 302 751 25,
325 695 421 748 caulas
435 690 513 767 quod
526 690 558 747 in
567 689 770 748 Hermathena
785 692 861 750 1873
877 711 944 749 con-

91 790 216 847 ieceram
229 788 372 865 placuisse
385 789 575 846 Hmcmo
588 808 668 847 nune
680 789 774 847 video.

133 892 160 943 4.
184 892 212 944 5.
234 891 282 946 20.
304 887 388 962 forat
414 889 445 946 et
469 887 548 961 talpa
569 906 587 944 a
609 907 656 945 me
684 887 814 965 quinque
841 889 947 947 abhinc

93 985 178 1043 annis
197 989 313 1062 reperta
332 986 444 1062 publici
462 985 535 1044 iuris
557 988 626 1044 ante
647 1005 693 1045 me
712 985 784 1045 feeit
804 987 946 1045 Rosssse-

92 1104 191 1142 emus.

133 1188 160 1241 4.
184 1188 211 1242 5.
234 1187 281 1243 61.
304 1184 617 1242 odoratam-Paestum
630 1184 716 1260 'qued
734 1184 883 1258 Postgatio
902 1190 946 1243 at-

91 1283 261 1354 tribuerem,
280 1283 488 1341 Scmsmsms
501 1283 557 1340 sibi
570 1283 709 1342 vindieat.

77 1407 80 1412 .
133 1387 160 1440 4.
178 1382 206 1440 7.
223 1387 250 1439 5.
266 1401 376 1440 amamus
389 1380 556 1440 Liviam
570 1381 723 1440 coniecisse
734 1401 812 1440 nune
820 1382 947 1458 primum

92 1482 187 1541 video.

133 1586 160 1638 4.
186 1586 231 1638 10.
256 1584 301 1638 18.
323 1599 436 1655 apareo
450 1580 572 1637 Iaeoass
586 1579 663 1638 Phil.
680 1585 707 1638 2.
724 1584 791 1637 454.

134 1681 218 1746 Quod
232 1679 256 1738 si
273 1683 389 1755 praeter
400 1680 472 1737 haee
491 1677 604 1754 aliquid
617 1678 691 1736 mihi
705 1678 814 1737 iniuste
828 1679 946 1753 adroga-

93 1779 187 1837 velim
199 1778 312 1837 invitus
324 1778 355 1836 id
368 1777 434 1836 feei.

133 1939 314 2042 Baehrensii
330 1974 456 2034 editione
474 1976 600 2051 pellecta
619 1980 679 2034 tres
703 1980 878 2052 quattuorve
894 1997 945 2053 pa-

94 2075 177 2148 ginas
190 2092 279 2133 nevas
298 2073 504 2150 impfimendas
522 2073 632 2146 curavi,
648 2093 685 2132 ne
705 2075 777 2133 haee
791 2075 879 2134 editio
894 2075 946 2134 ali·

94 2177 167 2251 quot
178 2173 262 2232 bonis
274 2171 449 2231 lectionibus
463 2175 582 2230 careret.
623 2172 690 2231 Hae
704 2177 791 2233 sunt:

71 2278 78 2303 ·’
136 2278 162 2331 1.
186 2277 213 2332 8.
237 2276 283 2330 19.
312 2272 401 2330 Utere.
443 2271 493 2329 Ita
505 2270 702 2330 Baehrensius
716 2291 782 2330 eum
796 2274 832 2331 Ι).
849 2274 885 2332 V.

135 2376 161 2429 1.
186 2375 231 2429 13.
254 2373 302 2430 24.
323 2369 455 2428 aethereis
470 2369 501 2427 0.
517 2370 738 2444 Rossberghius.

134 2474 161 2527 2.
184 2474 232 2526 28.
256 2474 302 2526 29.
324 2470 411 2527 omnis
425 2469 566 2527 Heroides
580 2469 654 2527 later
668 2469 771 2528 Baehr.
784 2490 850 2529 eum
863 2472 900 2529 D.
909 2473 945 2530 V.

134 2574 161 2626 2.
184 2573 232 2627 31.
255 2573 282 2625 5.
305 2567 392 2625 Nune
412 2566 534 2625 admitte
547 2566 671 2626 Phoebas
692 2587 758 2626 eum
771 2569 947 2628 Baehrensio

94 2668 125 2727 id
139 2666 312 2727 satisfecisse
327 2665 423 2724 seiam.

136 2772 162 2824 3.
185 2771 212 2824 2.
238 2769 283 2824 16.
304 2765 364 2824 Nee
384 2763 587 2837 Baehrensius‚
604 2765 681 2842 quod
701 2784 793 2841 paene
811 2765 873 2842 ipse
888 2767 947 2825 edi-

95 2867 201 2926 deram.

133 2964 227 3025 Valde
248 2963 450 3034 blandiuntur,
473 2965 503 3020 et
527 2965 610 3021 erant
631 2962 720 3036 digna
743 2981 819 3038 quae
838 2963 947 3040 recipe-

96 3068 216 3122 rentur:

135 3167 163 3219 2.
188 3167 232 3220 15.
256 3165 303 3219 26.
326 3161 424 3219 Vellet
438 3159 485 3218 uti
499 3159 685 3237 (Baehsens.)

136 3265 163 3317 2.
188 3265 234 3320 16.
257 3260 305 3318 27.
328 3258 830 3336 exclusis-nobis—Ayrmannus.)

137 3363 162 3417 3.
188 3364 233 3416 13.
257 3364 284 3420 9.
307 3357 579 3418 clausae-maritas
593 3357 777 3435 (Baehrens.)
