2122 3728
246 236 465 296 PROPERTII
485 236 544 296 EL.
567 238 611 310 II,
635 243 662 296 3.
685 243 713 295 4.
868 244 903 297 31

57 397 104 455 Sic
117 396 212 473 primo
221 396 342 455 iuvenes
354 395 505 471 trepidant
517 394 550 452 in
563 414 658 453 amore
671 394 789 467 feroces,

94 495 209 554 Dehinc
219 493 322 552 domiti
331 497 397 569 post
406 494 478 552 haec
489 513 582 570 aequa
590 497 620 552 et
627 493 731 570 iniqua
739 494 848 553 ierunt.
871 500 908 552 50

57 596 167 671 Turpia
178 613 332 671 perpessus
344 597 427 653 vates
440 595 485 651 cst
497 592 595 651 vincla
606 587 780 669 Melampus,

99 692 241 767 cognitus
253 691 363 768 Iphicli
377 691 555 767 subripuisse
568 692 674 764 boves3

58 791 152 856 Quem
164 811 224 849 non
236 792 327 862 lucra,
342 790 436 865 magis
449 791 522 849 Pero
535 789 662 849 formosa
675 791 779 865 coegit,

95 892 167 949 Mox
180 890 379 968 Amythaonia
391 893 487 966 nu'pla
498 890 601 948 lutura
614 890 708 950 domo.

463 1087 506 1126 IV.

58 1189 156 1247 Multa
168 1188 251 1264 prius
264 1187 396 1246 dominae
410 1187 517 1247 delicta
529 1186 660 1264 queraris
673 1191 796 1263 oportet,

99 1288 190 1364 Saepe
203 1306 288 1361 roges
301 1285 422 1363 aliquid,
438 1305 523 1362 saepe
536 1286 671 1362 repulsus
685 1306 741 1358 cas,

59 1386 100 1444 ut
113 1405 196 1462 saepe
209 1385 360 1444 inmeritos
374 1404 541 1461 corrumpas
554 1384 692 1445 dentibus
705 1404 828 1459 ungues,

99 1484 139 1541 Es
153 1483 297 1559 crepitum
310 1483 398 1543 dnbio
412 1483 534 1543 suscitet
546 1483 591 1542 ira
603 1485 686 1560 pede.

60 1583 248 1660 Nequiquam
261 1583 380 1660 perlusa
392 1584 464 1643 meis
476 1587 629 1659 unguenta
642 1584 763 1661 capillis,
892 1590 908 1641 5

100 1682 169 1740 Ibat
182 1685 212 1740 ct
225 1701 352 1758 expenso
365 1682 467 1758 planta
479 1686 591 1742 morata
604 1683 704 1757 gradu.

60 1780 127 1837 Non
140 1779 189 1837 hic
201 1781 292 1839 herba
303 1780 392 1852 valet,
407 1799 467 1839 non
479 1779 528 1838 hic
540 1784 684 1839 nouimus
697 1781 822 1858 Cytaeis,

100 1877 167 1935 Non
179 1878 366 1938 Perimedeae
379 1878 511 1954 gramina
523 1883 604 1937 cocta
617 1898 730 1938 manus.

62 1975 176 2052 Quippe
188 1975 240 2034 ubi
253 1995 307 2034 nec
321 1995 420 2035 causas
433 1996 487 2035 nec
501 1981 616 2053 apertos
629 1977 773 2035 cernimus
785 1977 869 2048 ictus,

101 2074 185 2132 Unde
198 2077 298 2133 tamen
310 2075 432 2134 veniant
445 2079 491 2134 sot
504 2076 581 2133 mala
594 2094 677 2134 caeca
689 2074 738 2133 via
751 2079 804 2135 est.
876 2080 909 2133 10

60 2171 128 2228 Non
142 2176 208 2245 eget
220 2172 269 2230 hic
282 2173 410 2245 medicis,
426 2193 485 2232 non
497 2174 582 2233 lectis
595 2173 733 2232 mollibus
746 2194 840 2249 aeger,

101 2270 181 2328 Huic
194 2271 311 2330 nullum
324 2272 397 2330 caeli
410 2275 526 2348 tempus
540 2276 571 2331 et
584 2292 654 2331 aura
667 2276 769 2332 nocet:

61 2369 212 2440 Ambulat,
228 2373 258 2427 et
272 2369 368 2429 subito
380 2371 525 2430 sumantur
536 2371 628 2430 funus
640 2371 744 2429 amici:

103 2468 151 2526 Sic
165 2471 210 2527 est
221 2468 382 2541 incautum,
398 2469 543 2546 quidquid
552 2471 677 2529 habetur
690 2489 778 2530 amor.

62 2564 139 2623 Nam
153 2565 200 2623 oui
213 2586 272 2624 non
285 2586 339 2641 ego
353 2587 417 2625 sum
429 2567 529 2626 fallaci
541 2568 669 2644 praemia
681 2568 767 2627 vati?
875 2573 909 2624 15

104 2663 184 2727 Quae
197 2683 262 2722 mea
274 2684 333 2722 non
346 2665 440 2723 decies
454 2666 564 2724 somnia
577 2670 674 2725 versat
687 2666 784 2724 anus?
839 2709 842 2715 -

63 2763 166 2821 Hostis
180 2763 204 2821 si
217 2764 284 2840 quis
297 2765 353 2823 crit
364 2765 456 2838 nobis,
472 2771 550 2825 amet
561 2766 613 2825 ille
625 2766 755 2842 puellas:

105 2862 237 2921 Gaudeat
249 2863 281 2920 in
293 2882 392 2939 puero,
408 2864 433 2922 si
447 2864 514 2940 quis
527 2864 636 2923 amicus
650 2865 715 2923 erit.

66 2960 235 3036 Tranquillo
248 2965 315 3020 tuta
328 2962 477 3020 descendis
490 2962 611 3020 flumine
625 2963 745 3033 cymba:

106 3058 184 3122 Quid
195 3059 251 3118 tibi
264 3063 325 3118 tam
338 3060 421 3136 parvi
434 3059 529 3119 litoris
542 3061 621 3118 unda
634 3059 744 3117 nocet?
875 3064 912 3116 20

68 3157 154 3214 Alter
167 3177 250 3233 saepe
262 3177 321 3216 uno
334 3161 431 3217 mutat
442 3158 609 3234 praecordia
623 3158 720 3229 verbo,

108 3254 210 3313 Altera
222 3256 274 3316 vix
286 3256 349 3332 ipso
363 3256 502 3332 sanguine
514 3255 611 3314 mollis
625 3254 689 3313 erit.
