2122 3728
139 236 192 302 ‚ao
369 230 735 321 mormannum,
759 235 786 288 a.

193 388 263 464 Egit
276 391 312 448 ut
325 391 446 447 ouantes
459 388 522 446 dux
535 387 664 447 Ariadna
678 390 787 459 choros,

154 489 193 548 Et
207 491 358 565 quantum,
373 487 476 547 Aeolio
490 507 556 546 oum
569 490 696 570 temptat
709 486 837 546 carmina
849 488 968 564 plectro,

192 588 250 645 Par
262 587 450 662 Aganippeae
463 586 564 646 ludere
578 587 662 645 docta
675 588 766 664 lyrae,
965 590 1000 642 20

153 685 193 744 nt
206 704 258 744 sua
272 705 339 743 oum
352 684 490 762 antiquae
504 685 662 744 committit
676 685 783 762 scripta
796 683 948 755 Corinnae,

193 784 327 843 Carmina
340 803 415 861 quae
429 785 545 861 quaevis
558 804 619 843 non
631 788 718 861 putat
731 803 824 860 aequa
838 783 906 842 suis.

154 883 230 941 Num
241 882 298 941 tibi
310 883 442 941 nascenti
455 883 565 959 primis,
581 883 729 955 moenita,
745 883 848 941 diebus

198 980 341 1039 Candidus
355 983 492 1055 argutum
505 981 632 1040 sternuit
646 1001 730 1040 omen
743 981 858 1039 Amor?

153 1080 235 1137 Haeo
248 1079 312 1136 leaeo
325 1079 514 1138 contulerunt
527 1080 663 1139 caelestia
675 1099 797 1139 munera
810 1079 880 1151 divi,
966 1084 1001 1136 25

192 1178 275 1235 Haeo
287 1176 343 1235 tibi
355 1196 393 1235 ne
406 1181 529 1236 matrem
541 1176 618 1237 forte
632 1178 743 1236 dedisse
757 1181 852 1254 putas.

153 1275 183 1333 N
183 1296 221 1333 on
233 1295 292 1333 non
305 1275 427 1333 humani
440 1279 543 1350 partus
557 1279 626 1335 sunt
639 1277 711 1335 talia
724 1278 815 1334 dona:

193 1374 256 1433 Ista
269 1374 367 1431 decem
380 1393 493 1432 menses
505 1393 565 1432 non
577 1394 714 1451 peperere
727 1377 811 1433 bona.

155 1471 254 1529 Gloria
266 1470 404 1529 Romanis
416 1489 476 1529 una
489 1491 520 1530 es
532 1475 568 1530 tu
580 1475 651 1532 nata
663 1473 788 1549 puellis:

192 1571 323 1628 Romana
336 1571 487 1628 aooumbes
500 1570 594 1646 prima
606 1571 706 1646 puella
719 1571 794 1629 Iovi.
967 1576 1002 1628 30

154 1669 215 1727 Neo
229 1687 340 1744 semper
352 1668 503 1727 nobiscum
515 1669 644 1727 humana
658 1668 765 1727 oubilia
777 1669 871 1728 vises:

192 1766 262 1824 Post
275 1766 422 1825 Helenam
434 1768 506 1826 haee
519 1767 606 1827 terris
619 1767 713 1826 forma
726 1768 852 1826 secunda
864 1767 950 1826 redit.

155 1866 219 1924 Hao
234 1885 286 1940 ego
300 1885 378 1923 nuno
391 1865 480 1925 mirer
493 1867 517 1924 si
530 1867 636 1940 flagret
648 1870 748 1926 nostra
760 1866 922 1926 iuventus?

191 1962 346 2022 Pulohrius
359 1964 414 2022 hao
426 1963 532 2036 fuerat,
548 1964 643 2036 Troia,
659 1965 754 2040 perire
766 1965 831 2022 tibi.

153 2062 230 2120 Olim
243 2061 375 2136 mirabar,
391 2063 467 2139 quod
481 2063 558 2122 tanti
571 2063 608 2122 ud
621 2063 762 2137 Pergama
773 2063 847 2121 belli
966 2068 1000 2119 35

191 2163 324 2237 Europae
338 2165 427 2238 atque
440 2161 528 2220 Asiae
542 2181 628 2221 oausa
641 2162 742 2237 puella
754 2161 830 2221 fuit:
998 2143 1005 2155 ⁵

151 2262 181 2319 N
181 2281 247 2331 uno,
262 2260 339 2331 Pari,
354 2264 390 2319 tu
404 2260 518 2336 sapiens
532 2264 562 2320 et
575 2264 619 2333 tu,
636 2260 778 2333 Mundae,
794 2260 889 2332 fuisti,

191 2359 245 2430 Tu,
262 2358 331 2435 quis
343 2361 487 2434 poscebas,
503 2362 548 2430 tu,
565 2358 634 2435 quia
646 2358 746 2418 lentus
759 2378 831 2417 eras.

152 2457 249 2531 Digna
263 2457 382 2534 quidem
395 2457 492 2529 facies,
509 2476 561 2532 pro
576 2477 635 2533 qua
647 2458 696 2515 vel
710 2457 803 2515 obiret
816 2457 967 2538 Achilles:

191 2556 248 2614 Vel
261 2556 375 2614 Priamo
389 2555 460 2615 belli
474 2574 560 2614 causa
572 2556 720 2631 probanda
732 2555 800 2614 fuit.
965 2561 1000 2612 40

155 2653 186 2712 si
201 2653 266 2729 quis
279 2654 347 2712 vult
358 2652 437 2711 fama
449 2654 565 2712 tabudas
578 2653 691 2712 anteire
703 2658 843 2726 vetustas,

192 2751 251 2809 Hio
265 2752 410 2810 dominam
424 2743 555 2828 exemplo
568 2757 658 2828 ponat
670 2753 702 2810 in
715 2756 779 2811 arte
792 2773 904 2811 meam:

154 2850 221 2908 Sive
234 2850 317 2907 illam
330 2850 482 2925 Hesperiis
496 2851 556 2908 sive
569 2851 651 2908 illam
665 2851 797 2910 ostendet
811 2852 888 2922 Eois,

192 2948 266 3006 Uret
279 2951 310 3007 et
322 2949 406 3019 Eoos,
422 2952 489 3006 uret
503 2952 533 3008 et
546 2949 712 3025 Hesperios.

153 3047 210 3103 His
219 3046 322 3104 saltem
329 3049 364 3104 ut
371 3050 472 3104 tenear
481 3045 539 3104 iam
546 3046 671 3105 finibus!
687 3051 739 3104 aut
748 3047 829 3119 mihi,
842 3047 866 3105 si
877 3049 953 3124 quis,
966 3053 1002 3105 45

193 3143 298 3202 Acrius
311 3146 346 3203 ut
359 3143 473 3214 moriar,
488 3145 603 3203 venerit
617 3146 691 3203 alter
704 3145 799 3203 amor!

153 3243 197 3299 Ao
209 3242 303 3300 veluti
315 3240 409 3317 primo
422 3245 525 3300 taurus
538 3242 681 3302 detrectat
694 3248 797 3313 aratra,

192 3340 262 3398 Post
275 3339 357 3400 venit
370 3343 483 3400 assueto
496 3341 592 3398 mollis
606 3341 642 3399 ad
656 3360 724 3400 arra
737 3341 815 3416 iugo,
