2122 3728
98 223 164 281 lxiv
311 264 314 270 «
367 216 677 278 POSTSORIPTUM.

100 379 188 438 huius
199 376 303 437 codicis
313 376 456 436 rationem
468 375 611 451 imprimis
619 393 679 433 non
691 372 857 433 habendam
864 370 952 430 fuisse

101 476 306 536 aBaehrensio
325 476 517 550 archetypum
530 472 754 550 Propertienum
773 471 954 545 redintegre-

100 581 177 635 turo.
219 575 277 633 Sed
296 573 385 634 etiam
405 572 430 631 si
447 571 556 678 111οῶ
574 591 627 630 sue
646 569 813 647 probaverit
832 589 892 628 non
912 573 955 627 est

102 696 154 733 cur
181 672 368 749 Neapolitani
398 670 500 762 ducisa
512 671 671 746 poeniteat,
702 669 755 747 qui
788 669 898 728 mirum
924 668 955 725 in

101 773 219 831 modum
240 774 380 846 congruat
394 789 461 829 cum
481 769 628 828 codicibus
642 788 659 827 a
672 768 850 828 Baehrensio
864 766 956 826 maxi-

102 873 143 931 mi
155 871 274 931 habitis.

143 971 201 1030 sed
213 970 249 1028 de
262 970 317 1028 hec
331 967 457 1027 editione
470 967 594 1027 liberius
607 966 766 1026 disserendi
780 966 958 1026 occasionem

103 1069 224 1127 fortasse
243 1066 402 1125 nanciscar.
442 1066 526 1132 Quod
540 1066 576 1125 de
589 1085 636 1125 me
650 1064 914 1124 subcontumeliose
927 1063 959 1121 in

103 1166 283 1243 praefatione
298 1165 342 1224 ed.
355 1185 424 1224 suae
437 1166 554 1224 locutus
568 1167 613 1224 est
626 1165 672 1223 vir
685 1165 796 1233 doctus,
813 1165 844 1222 et
858 1162 959 1223 critico

104 1270 136 1325 et
155 1263 331 1324 Baehrensio
354 1264 442 1324 facile
463 1264 589 1339 ignosco,
615 1283 669 1323 nec
691 1282 745 1339 per
766 1262 832 1339 pari
850 1261 960 1321 referre

106 1363 218 1424 studeo.
920 1389 951 1444 ,7

146 1462 228 1528 Quae
241 1464 342 1521 contra
351 1480 446 1519 meam
460 1461 654 1519 coniecturam
664 1460 798 1519 lordonis
809 1465 837 1518 3.
850 1463 897 1518 11.
905 1463 959 1518 a.

106 1561 271 1632 cavillatur,
284 1560 371 1618 nihili
384 1559 457 1618 mihi
467 1559 607 1620 ridentur
619 1580 690 1620 esse.
721 1561 751 1618 N
752 1579 799 1619 am
812 1562 961 1618 auctorem

107 1660 161 1738 qui
174 1659 322 1738 syniresin
342 1660 398 1718 eibi
411 1647 576 1736 permiserit
588 1659 621 1719 11
636 1662 746 1732 cosdem,
767 1661 865 1732 eodem,
882 1657 962 1717 simi·

106 1761 165 1819 lem
179 1759 229 1818 sed
241 1759 328 1833 longe
345 1758 506 1818 faciliorem
520 1759 605 1837 (licet
621 1759 654 1817 in
669 1758 811 1818 vocabulo
824 1757 959 1833 Graeco),

109 1857 165 1916 sibi
187 1857 336 1915 licentiam
357 1877 416 1916 non
439 1877 501 1916 esse
522 1857 740 1934 permissurum,
763 1856 894 1916 cuiusvis
918 1861 962 1914 est

108 1975 280 2027 asseverare,
296 1957 426 2014 nondum
439 1957 565 2016 adducor
578 1960 613 2016 ut
626 1957 750 2016 credam.

147 2055 191 2114 At
209 2055 258 2113 hic
278 2054 455 2113 Baehrensio
476 2056 584 2130 gratias
603 2075 657 2131 ago
674 2055 752 2132 quod
772 2055 847 2113 mihi
864 2055 963 2113 locum

109 2154 277 2231 praebuerit
296 2154 435 2213 lectiones
456 2156 603 2231 quasdam,
627 2174 699 2232 quas
719 2174 782 2213 mco
802 2155 900 2213 Marte
919 2173 963 2212 re-

111 2255 263 2328 cuperatas
275 2272 327 2329 pro
348 2253 419 2311 meis
434 2253 567 2313 editurus
581 2273 668 2325 eram,
687 2254 759 2312 viris
773 2253 867 2312 doctis
879 2252 964 2312 resti·

111 2351 216 2410 tuendi
225 2352 278 2428 qui
291 2355 360 2412 ante
373 2373 420 2411 me
430 2355 528 2412 eedem
538 2353 763 2430 proposuissent.
796 2353 965 2412 sexcenties

113 2451 191 2508 enim
209 2451 264 2509 hoe
277 2451 352 2509 mihi
372 2452 485 2525 accidit,
501 2455 537 2512 ut
557 2452 772 2512 emendationes
790 2471 870 2510 meas
883 2471 965 2528 prae·

113 2552 266 2625 occupatas
286 2550 448 2609 invenirem
463 2552 499 2611 ab
520 2551 594 2624 aliis,
610 2550 781 2627 praesertim
802 2550 963 2621 Germanis,

114 2668 239 2724 quorum
268 2648 451 2708 coniecturae
477 2649 535 2708 nisi
560 2649 593 2708 in
619 2648 794 2708 editionibus
820 2648 967 2725 Propertii

113 2752 249 2811 laudatae
263 2752 434 2811 difficillime
447 2753 484 2811 ed
496 2756 626 2811 nostram
639 2752 756 2811 Thulen
768 2752 939 2811 deveniunt.

155 2843 212 2902 Sed
225 2847 260 2902 ut
274 2863 360 2902 suum
373 2843 480 2921 cuique
492 2844 611 2903 reddam

158 2948 184 3001 1.
206 2947 233 3001 2.
257 2948 284 3000 9.
306 2961 426 3001 muccoso
440 2942 514 3000 coni.
530 2945 599 3001 ente
611 2962 658 3001 me
671 2942 806 3000 Knmrus.

155 3046 184 3099 2.
210 3046 257 3100 31.
284 3046 312 3100 5.
340 3042 401 3101 Hie
427 3041 551 3100 Phoebus
576 3041 685 3100 Bboebo
712 3041 791 3118 quod
816 3041 848 3098 in
874 3040 966 3116 prael.

115 3139 279 3199 Heroidum
305 3160 404 3199 mense
434 3140 599 3216 Septembri
628 3140 703 3199 1873
731 3139 839 3216 scripta
863 3158 967 3215 propo-

115 3257 238 3311 sueram,
260 3238 291 3296 id
305 3238 461 3298 coniecisse
480 3239 655 3297 Hoonrrrun
674 3237 767 3298 Pelio.
786 3238 858 3299 crit.
872 3256 901 3314 p.
918 3241 966 3295 38.

114 3335 300 3395 nuncrideo.
