2122 3728
253 243 472 315 racrnnrn
493 257 552 315 nn.
576 257 620 329 n,
639 261 750 314 rare.
893 263 930 314 43

76 417 185 491 Magna
199 434 251 489 ego
265 415 406 473 donatus
419 415 515 489 figam,
532 415 685 490 Cytherea,
701 414 844 484 columna,
894 421 931 473 25

116 515 246 592 'saleque
260 516 313 572 sub
326 517 424 572 nostro
438 515 555 572 nomine
569 534 684 572 carmen
698 513 772 572 erit:

79 621 98 646 ‘⁴
108 614 172 671 Has
185 631 262 688 pono
276 617 344 671 ante
357 616 425 670 tuas
438 613 503 684 tibi,
520 613 597 682 diva,
613 611 783 687 Propertius
796 613 880 670 aedes

116 711 258 784 Exuvias,
273 714 337 769 tota
350 714 436 769 nocte
449 716 584 786 receptus
598 709 729 767 amans.”

75 811 105 869 N
105 831 163 870 unc
177 811 214 869 ad
226 815 266 883 te,
282 831 347 869 mea
359 812 423 882 lux,
439 811 540 869 veniet
552 830 617 868 mea
630 810 717 868 litore
730 809 813 868 navis

116 910 245 968 Servata.
287 911 336 968 An
348 909 452 968 mediis
466 909 543 991 sidat
553 910 679 966 honusta
691 909 795 967 vadis?
892 913 929 966 30

76 1008 161 1072 Quod
174 1008 199 1066 si
211 1009 287 1068 forte
301 1009 400 1084 aliqua
413 1009 497 1068 nobis
510 1009 660 1066 mutabere
674 1008 769 1083 culpa,

112 1106 300 1166 Vestibulum
312 1107 421 1166 iaceam
434 1111 566 1165 mortuus
581 1109 648 1165 ante
661 1109 757 1165 tuum.

477 1306 525 1344 XV.

77 1404 100 1461 0
115 1424 161 1462 me
174 1403 309 1463 felicem!
331 1424 347 1463 ο
361 1424 422 1462 nox
435 1404 508 1462 mihi
522 1401 659 1462 candida!
682 1407 712 1462 et
725 1423 741 1461 o
756 1408 790 1463 tu

115 1501 237 1561 Lectule
251 1502 362 1561 deliciis
375 1503 452 1561 facte
465 1504 550 1561 beate
563 1489 651 1560 meis!

76 1600 171 1665 Quam
183 1603 278 1661 multa
291 1603 422 1678 adposita
435 1622 585 1662 narramus
598 1603 688 1660 verba
700 1602 828 1673 lucerna,

117 1699 293 1777 Quantaque
307 1702 421 1785 sublato
435 1701 547 1759 lumine
560 1701 626 1758 rixa
639 1699 717 1758 luit!

76 1799 107 1857 N
106 1819 153 1856 am
165 1800 250 1859 modo
263 1800 381 1859 nudatis
395 1821 508 1859 mecum
522 1804 567 1859 est
579 1801 693 1858 luctata
705 1798 831 1874 papillis,
912 1805 928 1856 5

115 1898 270 1957 Interdum
282 1900 383 1958 tunica
396 1899 484 1958 duxit
497 1903 598 1974 operta
611 1917 728 1955 moram.

75 1996 134 2055 Illa
146 2017 225 2056 meos
240 2018 337 2057 somno
350 1999 446 2074 lapsos
459 1996 600 2074 patefecit
613 1998 719 2056 ocellos

114 2096 170 2154 Ore
184 2116 245 2168 suc,
262 2101 293 2156 et
305 2097 401 2156 dixit:
428 2103 446 2130 ‘⁸
459 2097 580 2169 Siccine,
596 2097 684 2168 lente,
699 2095 825 2154 iaces?”

75 2195 169 2259 Quam
182 2195 263 2254 vario
277 2196 416 2270 amplexu
428 2199 575 2254 mutamus
588 2195 724 2254 brachia!
748 2200 894 2273 quantum

115 2295 221 2353 Oscula
235 2298 304 2353 sunt
317 2294 407 2352 labris
420 2300 521 2353 nostra
533 2298 645 2353 morata
658 2294 735 2354 tuis!
893 2296 928 2353 10

73 2394 140 2452 Non
152 2394 238 2453 iuvat
249 2394 282 2452 in
296 2413 378 2452 caeco
392 2394 536 2452 Venerem
549 2413 731 2469 corrumpere
745 2398 844 2454 motu:

113 2492 144 2551 Si
157 2492 261 2562 nescis,
277 2493 355 2551 oculi
369 2497 438 2552 sunt
450 2492 482 2550 in
496 2511 592 2551 amore
605 2492 703 2550 duces.

73 2589 141 2665 Ipse
154 2590 238 2648 Paris
250 2591 330 2648 nuda
343 2590 438 2649 fertur
452 2591 572 2666 periisse
585 2592 726 2665 Lacaena,

112 2689 185 2748 011111
198 2689 349 2748 Menelaeo
364 2694 495 2763 surgeret
510 2710 525 2748 e
538 2690 667 2748 thalamo
681 2712 687 2747 :

72 2787 177 2846 Nudus
191 2792 221 2848 et
235 2789 400 2865 Endymion
414 2789 524 2848 Phoebi
538 2789 647 2865 cepisse
661 2809 788 2848 sororem
891 2794 926 2846 15

110 2887 227 2947 Dicitur
241 2892 272 2947 et
283 2889 379 2947 nudae
394 2889 582 2947 concubuisse
595 2889 674 2947 deae.
761 2942 764 2948 .

72 2987 157 3051 Quod
170 2989 195 3046 si
207 2990 362 3065 pertendes
376 2989 471 3047 animo
484 2989 592 3048 vestita
606 2989 720 3059 cubare,

111 3084 206 3144 Scissa
218 3089 300 3145 veste
314 3106 391 3145 meas
405 3087 552 3162 experiere
566 3105 686 3143 manus:

72 3183 261 3256 Quinetiam,
278 3185 361 3243 sime
375 3184 500 3244 ulterius
514 3182 683 3260 provexerit
696 3182 748 3255 ira,

111 3282 253 3342 Ostendes
265 3283 353 3342 matri
366 3283 484 3342 brachia
497 3284 576 3341 laesa
589 3285 668 3340 tuae.
889 3285 926 3337 20

71 3380 203 3441 Necdum
215 3383 373 3442 inclinatae
387 3383 543 3458 prohibent
557 3384 586 3440 te
600 3380 701 3438 ludere
715 3399 873 3439 mammae:
