2122 3728
247 249 466 309 1501115111
488 251 547 309 nn.
564 221 608 323 11,
628 255 725 309 10-12.
878 256 914 308 aa

60 405 107 464 Sic
121 426 174 464 nos
186 425 274 479 nunc,
290 408 390 483 inopes
403 408 498 467 laudis
513 409 705 467 conscendere
720 427 844 479 carmon,

99 507 281 583 Pauperibus
295 507 383 565 sacris
395 507 467 566 vilia
479 512 548 566 tura
561 508 671 567 damus.

61 604 861 678 NondumetiamAscraeosnomntmeacarminafontes,
878 609 913 695 25

102 703 160 762 Sed
173 705 259 762 modo
272 704 416 763 Permessi
428 704 550 763 flumine
563 705 638 764 lavit
651 706 749 764 Amor.

370 890 375 899 '
468 901 511 940 111.

64 1003 199 1062 Scribant
211 1005 247 1063 de
260 1008 291 1063 te
305 1005 356 1063 alii
370 1006 418 1064 vel
434 1005 473 1064 sis
486 1006 587 1081 ignota
599 1005 717 1065 licebit:

104 1103 226 1176 Laudet,
243 1104 294 1180 qui
308 1104 403 1163 ste1ili
416 1105 526 1163 semina
536 1104 620 1181 ponit
632 1106 730 1162 humo.

64 1202 177 1275 Omnia,
194 1204 278 1262 crede
291 1202 372 1276 mihi,
389 1223 486 1262 aecum
499 1223 559 1262 uno
572 1224 694 1263 munera
705 1204 781 1263 lecto

104 1301 229 1361 Auferet
243 1301 367 1361 extremi
380 1302 493 1361 funeris
507 1307 570 1362 atra
583 1298 663 1362 dies:

64 1401 106 1458 Et
118 1404 172 1459 tua
184 1400 323 1460 transibit
337 1405 524 1460 contemnens
537 1420 600 1460 ossa
612 1402 716 1474 viator,
901 1409 917 1459 5

103 1501 133 1559 N
134 1520 167 1560 ee
180 1501 275 1560 dicet:
301 1501 409 1560 α011115
422 1503 471 1560 hic
485 1503 570 1561 docta
582 1503 682 1579 puella
695 1502 785 1561 fuit.”

464 1699 520 1737 XII.

66 1800 253 1877 Quicumque
266 1800 318 1858 ille
330 1799 399 1874 furit,
415 1820 539 1876 puerum
553 1801 605 1878 qui
619 1801 720 1877 pinxit
732 1803 878 1873 Amorem,

106 1897 212 1956 Nonne
225 1901 312 1974 putes
324 1899 412 1958 miras
424 1901 504 1959 hunc
517 1900 653 1958 habuisse
667 1900 796 1958 manus?

67 1998 99 2056 Is
112 1997 239 2073 primum
252 1997 328 2057 vidit
343 1997 405 2058 sine
419 2019 505 2058 sensu
518 1999 618 2059 vivere
634 2004 772 2071 amantes,

108 2095 148 2154 Et
160 2094 275 2155 levibus
289 2095 366 2154 curis
379 2116 485 2171 magna
498 2097 593 2174 perire
606 2100 691 2156 bona.

68 2194 153 2252 Idem
165 2213 225 2252 non
237 2193 348 2254 frustra
361 2199 495 2254 ventosas
509 2197 621 2256 addidit
634 2198 703 2270 5155,
905 2203 920 2254 5

107 2293 192 2351 Fecit
205 2296 236 2352 et
248 2294 375 2352 humano
390 2294 474 2353 corde
487 2296 585 2353 volare
599 2296 685 2353 deum
697 2318 704 2368 ;

69 2391 188 2450 Scilicet
201 2392 315 2450 alterna
328 2393 465 2468 quoniam
477 2393 619 2452 iactamur
631 2394 663 2451 in
676 2395 763 2466 unda,

108 2491 274 2567 Nostraque
287 2509 347 2548 non
360 2491 430 2549 ullis
443 2496 595 2567 permanet
608 2512 679 2550 aura
690 2492 771 2551 locis.

70 2590 111 2647 Et
123 2588 226 2649 meritc
240 2589 366 2649 hamatis
379 2611 482 2649 manus
496 2595 541 2650 est
554 2594 665 2650 armata
678 2591 801 2666 sagittis,

109 2689 300 2765 naptarum
313 2710 351 2748 ex
363 2691 484 2749 humero
499 2690 607 2748 Gnosia
620 2693 745 2765 utroque
757 2689 834 2747 iacet
846 2710 853 2758 ;
889 2694 923 2745 10

69 2788 149 2846 Ante
162 2786 233 2846 ferit
246 2787 392 2865 quoniam,
409 2789 468 2847 tuti
482 2808 570 2864 quam
583 2788 728 2846 cernimus
741 2789 863 2858 hostem,

109 2885 139 2944 N
140 2905 172 2944 ec
185 2886 342 2963 quisquam
355 2906 393 2944 ex
405 2887 457 2945 illo
471 2887 593 2945 vulnere
607 2905 694 2944 sanus
707 2886 777 2944 abit.

71 2984 110 3041 In
122 3004 168 3043 me
181 2985 242 3044 tela
254 2988 383 3057 manent,
399 2990 498 3044 manet
512 2988 542 3044 et
555 2984 676 3061 puerilis
689 2984 805 3058 imago:

112 3083 169 3142 Sed
181 3087 260 3142 certe
273 3102 383 3160 pennas
395 3084 524 3159 perdidit
536 3084 588 3141 ille
603 3101 679 3153 suas,

74 3181 179 3240 Evolat
186 3182 243 3240 1155
253 3180 260 3240 1
275 3185 374 3239 nostro
385 3182 523 3258 quoniam
534 3183 569 3240 dc
580 3185 696 3257 pectore
703 3198 857 3255 nusquam,
891 3183 924 3234 15

112 3281 316 3356 Assiduusque
328 3299 392 3340 mec
407 3281 552 3358 sangnine
562 3279 647 3341 115115
659 3278 752 3354 geist.

67 3375 144 3438 Quid
156 3378 213 3438 tibi
225 3378 394 3443 iucundum
409 3389 460 3447 est
473 3385 564 3447 siccis
574 3381 724 3443 babitare
735 3366 914 3435 1115511Ἒ15ἳ
