<?xml version="1.0" encoding="UTF-8"?>
<!DOCTYPE html PUBLIC "-//W3C//DTD XHTML 1.0 Transitional//EN"
    "http://www.w3.org/TR/xhtml1/DTD/xhtml1-transitional.dtd">
<html xmlns="http://www.w3.org/1999/xhtml" xml:lang="en" lang="en">
 <head>
  <title>
</title>
<meta http-equiv="Content-Type" content="text/html;charset=utf-8" />
  <meta name='ocr-system' content='tesseract 3.04.00' />
  <meta name='ocr-capabilities' content='ocr_page ocr_carea ocr_par ocr_line ocrx_word'/>
</head>
<body>
  <div class='ocr_page' id='page_1' title='image "./sexpropertiiele01propgoog_0123.png"; bbox 0 0 2122 3728; ppageno 0'>
   <div class='ocr_carea' id='block_1_1' title="bbox 159 209 799 276">
    <p class='ocr_par' dir='ltr' id='par_1_1' title="bbox 159 209 799 276">
     <span class='ocr_line' id='line_1_1' title="bbox 159 209 799 276; baseline -0.006 -6"><span class='ocrx_word' id='word_1_1' title='bbox 159 218 196 270; x_wconf 79' lang='lat'>48</span> <span class='ocrx_word' id='word_1_2' title='bbox 362 209 581 269; x_wconf 82' lang='lat' dir='ltr'><strong>PROPERTII</strong></span> <span class='ocrx_word' id='word_1_3' title='bbox 602 209 661 267; x_wconf 87' lang='lat' dir='ltr'>EL.</span> <span class='ocrx_word' id='word_1_4' title='bbox 683 209 728 276; x_wconf 83' lang='grc' dir='ltr'>ΙΙ,</span> <span class='ocrx_word' id='word_1_5' title='bbox 754 213 799 267; x_wconf 91' lang='grc'>18.</span> 
     </span>
    </p>
   </div>
   <div class='ocr_carea' id='block_1_2' title="bbox 157 366 1011 1531">
    <p class='ocr_par' dir='ltr' id='par_1_2' title="bbox 157 366 1011 1531">
     <span class='ocr_line' id='line_1_2' title="bbox 158 366 813 445; baseline -0.006 -17"><span class='ocrx_word' id='word_1_6' title='bbox 158 370 251 428; x_wconf 89' lang='lat' dir='ltr'>Illum</span> <span class='ocrx_word' id='word_1_7' title='bbox 265 388 350 445; x_wconf 79' lang='lat' dir='ltr'>saepe</span> <span class='ocrx_word' id='word_1_8' title='bbox 364 368 424 426; x_wconf 88' lang='lat' dir='ltr'>suis</span> <span class='ocrx_word' id='word_1_9' title='bbox 437 368 579 427; x_wconf 83' lang='lat' dir='ltr'>deeedens</span> <span class='ocrx_word' id='word_1_10' title='bbox 592 367 668 425; x_wconf 83' lang='lat' dir='ltr'>fovit</span> <span class='ocrx_word' id='word_1_11' title='bbox 680 367 713 425; x_wconf 91' lang='lat' dir='ltr'>in</span> <span class='ocrx_word' id='word_1_12' title='bbox 726 366 813 438; x_wconf 82' lang='lat' dir='ltr'>ulnis,</span> 
     </span>
     <span class='ocr_line' id='line_1_3' title="bbox 198 465 995 545; baseline -0.005 -18"><span class='ocrx_word' id='word_1_13' title='bbox 198 469 293 534; x_wconf 80' lang='lat' dir='ltr'>Quam</span> <span class='ocrx_word' id='word_1_14' title='bbox 305 468 387 545; x_wconf 88' lang='lat' dir='ltr'>prius</span> <span class='ocrx_word' id='word_1_15' title='bbox 401 467 554 526; x_wconf 76' lang='lat' dir='ltr'>adiunctos</span> <span class='ocrx_word' id='word_1_16' title='bbox 567 466 668 525; x_wconf 82' lang='lat' dir='ltr'>sedula</span> <span class='ocrx_word' id='word_1_17' title='bbox 680 465 755 524; x_wconf 82' lang='lat' dir='ltr'>lavit</span> <span class='ocrx_word' id='word_1_18' title='bbox 769 485 870 542; x_wconf 89' lang='lat' dir='ltr'>equos.</span> <span class='ocrx_word' id='word_1_19' title='bbox 988 489 995 502; x_wconf 92' lang='lat'><strong>·</strong></span> 
     </span>
     <span class='ocr_line' id='line_1_4' title="bbox 157 564 867 642; baseline -0.004 -16"><span class='ocrx_word' id='word_1_20' title='bbox 157 569 217 626; x_wconf 78' lang='lat' dir='ltr'>Ina</span> <span class='ocrx_word' id='word_1_21' title='bbox 230 568 298 627; x_wconf 83' lang='lat' dir='ltr'>deos</span> <span class='ocrx_word' id='word_1_22' title='bbox 311 587 428 626; x_wconf 83' lang='lat' dir='ltr'>currum</span> <span class='ocrx_word' id='word_1_23' title='bbox 442 566 636 624; x_wconf 83' lang='lat' dir='ltr'>conscendens</span> <span class='ocrx_word' id='word_1_24' title='bbox 649 564 726 623; x_wconf 81' lang='lat' dir='ltr'>dixit</span> <span class='ocrx_word' id='word_1_25' title='bbox 738 564 867 642; x_wconf 90' lang='lat' dir='ltr'>iniquos,</span> 
     </span>
     <span class='ocr_line' id='line_1_5' title="bbox 197 663 794 741; baseline -0.01 -15"><span class='ocrx_word' id='word_1_26' title='bbox 197 666 332 726; x_wconf 82' lang='lat' dir='ltr'>Invitum</span> <span class='ocrx_word' id='word_1_27' title='bbox 346 670 376 725; x_wconf 94' lang='lat' dir='ltr'>et</span> <span class='ocrx_word' id='word_1_28' title='bbox 389 665 476 724; x_wconf 86' lang='lat' dir='ltr'>terris</span> <span class='ocrx_word' id='word_1_29' title='bbox 488 663 638 741; x_wconf 83' lang='lat' dir='ltr'>praestitit</span> <span class='ocrx_word' id='word_1_30' title='bbox 652 663 794 735; x_wconf 78' lang='lat' dir='ltr'>officium3</span> 
     </span>
     <span class='ocr_line' id='line_1_6' title="bbox 158 760 1009 837; baseline -0.007 -13"><span class='ocrx_word' id='word_1_31' title='bbox 158 766 213 824; x_wconf 85' lang='lat' dir='ltr'>cui</span> <span class='ocrx_word' id='word_1_32' title='bbox 226 765 335 824; x_wconf 82' lang='lat' dir='ltr'>maiora</span> <span class='ocrx_word' id='word_1_33' title='bbox 348 763 425 823; x_wconf 84' lang='lat' dir='ltr'>senis</span> <span class='ocrx_word' id='word_1_34' title='bbox 438 763 561 822; x_wconf 80' lang='lat' dir='ltr'>Tithoni</span> <span class='ocrx_word' id='word_1_35' title='bbox 575 763 681 837; x_wconf 83' lang='lat' dir='ltr'>gaudia</span> <span class='ocrx_word' id='word_1_36' title='bbox 694 760 756 820; x_wconf 84' lang='lat' dir='ltr'>vivi</span> <span class='ocrx_word' id='word_1_37' title='bbox 978 766 1009 818; x_wconf 81' lang='lat'>15</span> 
     </span>
     <span class='ocr_line' id='line_1_7' title="bbox 198 861 895 938; baseline -0.007 -16"><span class='ocrx_word' id='word_1_38' title='bbox 198 864 292 929; x_wconf 80' lang='lat' dir='ltr'>Quum</span> <span class='ocrx_word' id='word_1_39' title='bbox 306 863 403 938; x_wconf 86' lang='lat' dir='ltr'>gravis</span> <span class='ocrx_word' id='word_1_40' title='bbox 416 862 519 921; x_wconf 85' lang='lat' dir='ltr'>amisso</span> <span class='ocrx_word' id='word_1_41' title='bbox 533 863 690 921; x_wconf 82' lang='lat' dir='ltr'>Memnone</span> <span class='ocrx_word' id='word_1_42' title='bbox 707 861 807 918; x_wconf 81' lang='lat' dir='ltr'>luctus</span> <span class='ocrx_word' id='word_1_43' title='bbox 822 865 895 919; x_wconf 82' lang='lat' dir='ltr'>erat.</span> 
     </span>
     <span class='ocr_line' id='line_1_8' title="bbox 160 959 894 1038; baseline -0.007 -16"><span class='ocrx_word' id='word_1_44' title='bbox 160 963 233 1022; x_wconf 82' lang='lat' dir='ltr'>Oum</span> <span class='ocrx_word' id='word_1_45' title='bbox 247 982 314 1022; x_wconf 89' lang='lat' dir='ltr'>sene</span> <span class='ocrx_word' id='word_1_46' title='bbox 327 982 386 1020; x_wconf 91' lang='lat' dir='ltr'>non</span> <span class='ocrx_word' id='word_1_47' title='bbox 399 962 507 1038; x_wconf 88' lang='lat' dir='ltr'>puduit</span> <span class='ocrx_word' id='word_1_48' title='bbox 519 962 609 1020; x_wconf 84' lang='lat' dir='ltr'>telem</span> <span class='ocrx_word' id='word_1_49' title='bbox 623 959 747 1018; x_wconf 88' lang='lat' dir='ltr'>dormire</span> <span class='ocrx_word' id='word_1_50' title='bbox 760 959 894 1035; x_wconf 85' lang='lat' dir='ltr'><strong>puellam</strong></span> 
     </span>
     <span class='ocr_line' id='line_1_9' title="bbox 197 1059 793 1123; baseline -0.008 -3"><span class='ocrx_word' id='word_1_51' title='bbox 197 1062 237 1120; x_wconf 81' lang='lat' dir='ltr'>Et</span> <span class='ocrx_word' id='word_1_52' title='bbox 251 1080 339 1119; x_wconf 82' lang='lat' dir='ltr'>cunae</span> <span class='ocrx_word' id='word_1_53' title='bbox 352 1061 461 1119; x_wconf 85' lang='lat' dir='ltr'>totiens</span> <span class='ocrx_word' id='word_1_54' title='bbox 474 1061 574 1123; x_wconf 82' lang='lat' dir='ltr'>osenla</span> <span class='ocrx_word' id='word_1_55' title='bbox 586 1059 663 1117; x_wconf 81' lang='lat' dir='ltr'>ferre</span> <span class='ocrx_word' id='word_1_56' title='bbox 677 1077 793 1116; x_wconf 82' lang='lat' dir='ltr'>comae:</span> 
     </span>
     <span class='ocr_line' id='line_1_10' title="bbox 158 1158 947 1235; baseline -0.003 -16"><span class='ocrx_word' id='word_1_57' title='bbox 158 1162 201 1220; x_wconf 89' lang='lat' dir='ltr'>At</span> <span class='ocrx_word' id='word_1_58' title='bbox 213 1165 249 1220; x_wconf 92' lang='lat' dir='ltr'>tu</span> <span class='ocrx_word' id='word_1_59' title='bbox 263 1162 352 1221; x_wconf 84' lang='lat' dir='ltr'>etiam</span> <span class='ocrx_word' id='word_1_60' title='bbox 364 1161 501 1219; x_wconf 85' lang='lat' dir='ltr'>iuvenem</span> <span class='ocrx_word' id='word_1_61' title='bbox 515 1160 604 1218; x_wconf 85' lang='lat' dir='ltr'>odisti</span> <span class='ocrx_word' id='word_1_62' title='bbox 617 1178 671 1230; x_wconf 86' lang='lat' dir='ltr'>me,</span> <span class='ocrx_word' id='word_1_63' title='bbox 687 1158 807 1235; x_wconf 81' lang='lat' dir='ltr'>perfida,</span> <span class='ocrx_word' id='word_1_64' title='bbox 825 1177 893 1216; x_wconf 86' lang='lat' dir='ltr'>eum</span> <span class='ocrx_word' id='word_1_65' title='bbox 908 1159 947 1217; x_wconf 85' lang='lat' dir='ltr'>sis</span> 
     </span>
     <span class='ocr_line' id='line_1_11' title="bbox 197 1257 1011 1337; baseline -0.005 -18"><span class='ocrx_word' id='word_1_66' title='bbox 197 1261 267 1337; x_wconf 84' lang='lat' dir='ltr'>Ipsa</span> <span class='ocrx_word' id='word_1_67' title='bbox 280 1281 353 1319; x_wconf 84' lang='lat' dir='ltr'>anus</span> <span class='ocrx_word' id='word_1_68' title='bbox 366 1260 438 1318; x_wconf 77' lang='lat' dir='ltr'>haut</span> <span class='ocrx_word' id='word_1_69' title='bbox 451 1261 540 1333; x_wconf 87' lang='lat' dir='ltr'>longa</span> <span class='ocrx_word' id='word_1_70' title='bbox 554 1278 644 1317; x_wconf 80' lang='lat' dir='ltr'>curva</span> <span class='ocrx_word' id='word_1_71' title='bbox 656 1257 759 1316; x_wconf 80' lang='lat' dir='ltr'>futura</span> <span class='ocrx_word' id='word_1_72' title='bbox 771 1257 830 1316; x_wconf 83' lang='lat' dir='ltr'>die.</span> <span class='ocrx_word' id='word_1_73' title='bbox 977 1263 1011 1316; x_wconf 77' lang='lat'>20</span> 
     </span>
     <span class='ocr_line' id='line_1_12' title="bbox 158 1359 898 1436; baseline -0.005 -15"><span class='ocrx_word' id='word_1_74' title='bbox 158 1362 238 1428; x_wconf 83' lang='lat' dir='ltr'>Quin</span> <span class='ocrx_word' id='word_1_75' title='bbox 251 1381 304 1436; x_wconf 84' lang='lat' dir='ltr'>ego</span> <span class='ocrx_word' id='word_1_76' title='bbox 317 1361 453 1420; x_wconf 84' lang='lat' dir='ltr'>deminuo</span> <span class='ocrx_word' id='word_1_77' title='bbox 467 1380 575 1432; x_wconf 83' lang='lat' dir='ltr'>eurum,</span> <span class='ocrx_word' id='word_1_78' title='bbox 592 1361 669 1436; x_wconf 88' lang='lat' dir='ltr'>quod</span> <span class='ocrx_word' id='word_1_79' title='bbox 683 1379 767 1434; x_wconf 81' lang='lat' dir='ltr'><strong>saepe</strong></span> <span class='ocrx_word' id='word_1_80' title='bbox 782 1359 898 1435; x_wconf 78' lang='lat' dir='ltr'>Cupido</span> 
     </span>
     <span class='ocr_line' id='line_1_13' title="bbox 197 1458 895 1531; baseline 0 -12"><span class='ocrx_word' id='word_1_81' title='bbox 197 1460 276 1519; x_wconf 83' lang='lat' dir='ltr'>Huic</span> <span class='ocrx_word' id='word_1_82' title='bbox 290 1461 384 1519; x_wconf 82' lang='lat' dir='ltr'>malus</span> <span class='ocrx_word' id='word_1_83' title='bbox 398 1480 459 1519; x_wconf 86' lang='lat' dir='ltr'>esse</span> <span class='ocrx_word' id='word_1_84' title='bbox 473 1459 556 1531; x_wconf 87' lang='lat' dir='ltr'>solet,</span> <span class='ocrx_word' id='word_1_85' title='bbox 573 1459 621 1518; x_wconf 84' lang='lat' dir='ltr'>eui</span> <span class='ocrx_word' id='word_1_86' title='bbox 634 1461 727 1517; x_wconf 89' lang='lat' dir='ltr'>bonus</span> <span class='ocrx_word' id='word_1_87' title='bbox 741 1462 810 1516; x_wconf 86' lang='lat' dir='ltr'>ante</span> <span class='ocrx_word' id='word_1_88' title='bbox 823 1458 895 1519; x_wconf 81' lang='lat' dir='ltr'>fuit.</span> 
     </span>
    </p>
   </div>
   <div class='ocr_carea' id='block_1_3' title="bbox 535 1638 638 1696">
    <p class='ocr_par' dir='ltr' id='par_1_3' title="bbox 535 1638 638 1696">
     <span class='ocr_line' id='line_1_14' title="bbox 535 1638 638 1696; baseline 0.01 -1"><span class='ocrx_word' id='word_1_89' title='bbox 535 1638 638 1696; x_wconf 66' lang='grc' dir='ltr'>111111.δ</span> 
     </span>
    </p>
   </div>
   <div class='ocr_carea' id='block_1_4' title="bbox 100 1753 1016 3300">
    <p class='ocr_par' dir='ltr' id='par_1_4' title="bbox 100 1753 1016 3300">
     <span class='ocr_line' id='line_1_15' title="bbox 157 1753 928 1827; baseline -0.004 -11"><span class='ocrx_word' id='word_1_90' title='bbox 157 1757 244 1816; x_wconf 82' lang='lat' dir='ltr'>Nune</span> <span class='ocrx_word' id='word_1_91' title='bbox 259 1757 347 1816; x_wconf 83' lang='lat' dir='ltr'>etium</span> <span class='ocrx_word' id='word_1_92' title='bbox 360 1757 483 1815; x_wconf 81' lang='lat' dir='ltr'>iniectos</span> <span class='ocrx_word' id='word_1_93' title='bbox 497 1756 615 1814; x_wconf 89' lang='lat' dir='ltr'>demens</span> <span class='ocrx_word' id='word_1_94' title='bbox 628 1753 742 1813; x_wconf 84' lang='lat' dir='ltr'>imitare</span> <span class='ocrx_word' id='word_1_95' title='bbox 757 1753 928 1827; x_wconf 80' lang='lat' dir='ltr'><strong>Britannos,</strong></span> 
     </span>
     <span class='ocr_line' id='line_1_16' title="bbox 129 1852 808 1928; baseline -0.006 -12"><span class='ocrx_word' id='word_1_96' title='bbox 129 1908 132 1916; x_wconf 95' lang='lat'><em>.</em></span> <span class='ocrx_word' id='word_1_97' title='bbox 198 1856 288 1915; x_wconf 88' lang='lat' dir='ltr'>Ludis</span> <span class='ocrx_word' id='word_1_98' title='bbox 302 1859 333 1914; x_wconf 92' lang='lat' dir='ltr'>et</span> <span class='ocrx_word' id='word_1_99' title='bbox 346 1860 468 1914; x_wconf 87' lang='lat' dir='ltr'>externo</span> <span class='ocrx_word' id='word_1_100' title='bbox 481 1853 576 1912; x_wconf 80' lang='lat' dir='ltr'>tincta</span> <span class='ocrx_word' id='word_1_101' title='bbox 588 1853 683 1911; x_wconf 84' lang='lat' dir='ltr'>nitore</span> <span class='ocrx_word' id='word_1_102' title='bbox 697 1852 808 1928; x_wconf 83' lang='lat' dir='ltr'>eaput?</span> 
     </span>
     <span class='ocr_line' id='line_1_17' title="bbox 100 1952 874 2026; baseline -0.008 -9"><span class='ocrx_word' id='word_1_103' title='bbox 100 1973 137 2017; x_wconf 71' lang='lat' dir='ltr'>es)</span> <span class='ocrx_word' id='word_1_104' title='bbox 158 1956 201 2013; x_wconf 89' lang='lat' dir='ltr'>Ut</span> <span class='ocrx_word' id='word_1_105' title='bbox 213 1958 320 2013; x_wconf 80' lang='lat' dir='ltr'>natura</span> <span class='ocrx_word' id='word_1_106' title='bbox 333 1953 423 2026; x_wconf 88' lang='lat' dir='ltr'>dedit,</span> <span class='ocrx_word' id='word_1_107' title='bbox 443 1953 483 2012; x_wconf 83' lang='lat' dir='ltr'>sie</span> <span class='ocrx_word' id='word_1_108' title='bbox 496 1952 590 2010; x_wconf 88' lang='lat' dir='ltr'>omnis</span> <span class='ocrx_word' id='word_1_109' title='bbox 607 1955 688 2010; x_wconf 82' lang='lat' dir='ltr'>reeta</span> <span class='ocrx_word' id='word_1_110' title='bbox 700 1952 795 2026; x_wconf 85' lang='lat' dir='ltr'>figura</span> <span class='ocrx_word' id='word_1_111' title='bbox 809 1955 856 2011; x_wconf 88' lang='lat' dir='ltr'>est</span> <span class='ocrx_word' id='word_1_112' title='bbox 868 1973 874 2010; x_wconf 95' lang='lat'><strong>:</strong></span> 
     </span>
     <span class='ocr_line' id='line_1_18' title="bbox 198 2050 761 2129; baseline -0.007 -18"><span class='ocrx_word' id='word_1_113' title='bbox 198 2053 304 2129; x_wconf 81' lang='lat' dir='ltr'>Turpis</span> <span class='ocrx_word' id='word_1_114' title='bbox 317 2053 447 2111; x_wconf 86' lang='lat' dir='ltr'>Romano</span> <span class='ocrx_word' id='word_1_115' title='bbox 461 2050 599 2125; x_wconf 82' lang='lat' dir='ltr'>Belgicus</span> <span class='ocrx_word' id='word_1_116' title='bbox 612 2069 661 2110; x_wconf 89' lang='lat' dir='ltr'>ore</span> <span class='ocrx_word' id='word_1_117' title='bbox 675 2050 761 2108; x_wconf 77' lang='lat' dir='ltr'>color.</span> 
     </span>
     <span class='ocr_line' id='line_1_19' title="bbox 158 2148 1014 2224; baseline -0.005 -14"><span class='ocrx_word' id='word_1_118' title='bbox 158 2152 211 2210; x_wconf 91' lang='lat' dir='ltr'>Illi</span> <span class='ocrx_word' id='word_1_119' title='bbox 225 2152 278 2210; x_wconf 90' lang='lat' dir='ltr'>sub</span> <span class='ocrx_word' id='word_1_120' title='bbox 292 2151 379 2210; x_wconf 86' lang='lat' dir='ltr'>terris</span> <span class='ocrx_word' id='word_1_121' title='bbox 391 2152 465 2209; x_wconf 85' lang='lat' dir='ltr'>fiant</span> <span class='ocrx_word' id='word_1_122' title='bbox 478 2151 555 2208; x_wconf 81' lang='lat' dir='ltr'>mula</span> <span class='ocrx_word' id='word_1_123' title='bbox 567 2150 662 2208; x_wconf 84' lang='lat' dir='ltr'>multa</span> <span class='ocrx_word' id='word_1_124' title='bbox 675 2148 801 2224; x_wconf 80' lang='lat' dir='ltr'>puellae,</span> <span class='ocrx_word' id='word_1_125' title='bbox 999 2156 1014 2207; x_wconf 83' lang='lat'><strong><em>5</em></strong></span> 
     </span>
     <span class='ocr_line' id='line_1_20' title="bbox 200 2247 845 2325; baseline -0.005 -17"><span class='ocrx_word' id='word_1_126' title='bbox 200 2250 281 2315; x_wconf 78' lang='lat' dir='ltr'>Quae</span> <span class='ocrx_word' id='word_1_127' title='bbox 294 2250 419 2308; x_wconf 83' lang='lat' dir='ltr'>mentita</span> <span class='ocrx_word' id='word_1_128' title='bbox 433 2269 499 2308; x_wconf 84' lang='lat' dir='ltr'>suas</span> <span class='ocrx_word' id='word_1_129' title='bbox 512 2249 603 2307; x_wconf 82' lang='lat' dir='ltr'>vertit</span> <span class='ocrx_word' id='word_1_130' title='bbox 616 2249 717 2325; x_wconf 85' lang='lat' dir='ltr'>inepta</span> <span class='ocrx_word' id='word_1_131' title='bbox 732 2247 845 2306; x_wconf 85' lang='lat' dir='ltr'>eomas!</span> 
     </span>
     <span class='ocr_line' id='line_1_21' title="bbox 159 2346 806 2424; baseline -0.006 -17"><span class='ocrx_word' id='word_1_132' title='bbox 159 2349 204 2407; x_wconf 90' lang='lat' dir='ltr'>De</span> <span class='ocrx_word' id='word_1_133' title='bbox 218 2369 273 2421; x_wconf 84' lang='lat' dir='ltr'>me,</span> <span class='ocrx_word' id='word_1_134' title='bbox 289 2348 330 2406; x_wconf 93' lang='lat' dir='ltr'>mi</span> <span class='ocrx_word' id='word_1_135' title='bbox 344 2353 422 2407; x_wconf 89' lang='lat' dir='ltr'>eerte</span> <span class='ocrx_word' id='word_1_136' title='bbox 435 2348 544 2424; x_wconf 83' lang='lat' dir='ltr'>poteris</span> <span class='ocrx_word' id='word_1_137' title='bbox 557 2348 682 2406; x_wconf 82' lang='lat' dir='ltr'>formosa</span> <span class='ocrx_word' id='word_1_138' title='bbox 695 2346 806 2404; x_wconf 87' lang='lat' dir='ltr'>videri:</span> 
     </span>
     <span class='ocr_line' id='line_1_22' title="bbox 101 2445 813 2523; baseline -0.004 -18"><span class='ocrx_word' id='word_1_139' title='bbox 101 2463 138 2505; x_wconf 77' lang='lat'>(³0)</span> <span class='ocrx_word' id='word_1_140' title='bbox 198 2447 242 2504; x_wconf 86' lang='lat' dir='ltr'>Mi</span> <span class='ocrx_word' id='word_1_141' title='bbox 254 2447 379 2506; x_wconf 80' lang='lat' dir='ltr'>formosa</span> <span class='ocrx_word' id='word_1_142' title='bbox 391 2448 470 2520; x_wconf 81' lang='lat' dir='ltr'>satis,</span> <span class='ocrx_word' id='word_1_143' title='bbox 487 2447 511 2505; x_wconf 88' lang='lat' dir='ltr'>si</span> <span class='ocrx_word' id='word_1_144' title='bbox 524 2447 608 2505; x_wconf 88' lang='lat' dir='ltr'>modo</span> <span class='ocrx_word' id='word_1_145' title='bbox 623 2465 707 2523; x_wconf 84' lang='lat' dir='ltr'>saepe</span> <span class='ocrx_word' id='word_1_146' title='bbox 720 2445 813 2503; x_wconf 85' lang='lat' dir='ltr'>venis.</span> 
     </span>
     <span class='ocr_line' id='line_1_23' title="bbox 160 2543 839 2623; baseline -0.003 -19"><span class='ocrx_word' id='word_1_147' title='bbox 160 2547 208 2605; x_wconf 90' lang='lat' dir='ltr'>An</span> <span class='ocrx_word' id='word_1_148' title='bbox 223 2546 247 2605; x_wconf 90' lang='lat' dir='ltr'>si</span> <span class='ocrx_word' id='word_1_149' title='bbox 261 2547 392 2605; x_wconf 81' lang='lat' dir='ltr'>caeruleo</span> <span class='ocrx_word' id='word_1_150' title='bbox 406 2547 548 2623; x_wconf 83' lang='lat' dir='ltr'>quaedam</span> <span class='ocrx_word' id='word_1_151' title='bbox 562 2565 615 2604; x_wconf 84' lang='lat' dir='ltr'>suu</span> <span class='ocrx_word' id='word_1_152' title='bbox 627 2548 758 2620; x_wconf 84' lang='lat' dir='ltr'>tempora</span> <span class='ocrx_word' id='word_1_153' title='bbox 770 2543 839 2602; x_wconf 84' lang='lat' dir='ltr'>fuco</span> 
     </span>
     <span class='ocr_line' id='line_1_24' title="bbox 200 2643 1016 2719; baseline -0.001 -16"><span class='ocrx_word' id='word_1_154' title='bbox 200 2644 345 2719; x_wconf 71' lang='lat' dir='ltr'>Tinxerit</span> <span class='ocrx_word' id='word_1_155' title='bbox 360 2646 467 2704; x_wconf 83' lang='lat' dir='ltr'>ideireo</span> <span class='ocrx_word' id='word_1_156' title='bbox 482 2646 598 2704; x_wconf 80' lang='lat' dir='ltr'>caerula</span> <span class='ocrx_word' id='word_1_157' title='bbox 610 2648 704 2703; x_wconf 81' lang='lat' dir='ltr'>forma</span> <span class='ocrx_word' id='word_1_158' title='bbox 717 2646 792 2703; x_wconf 82' lang='lat' dir='ltr'>bona</span> <span class='ocrx_word' id='word_1_159' title='bbox 805 2643 874 2703; x_wconf 84' lang='lat' dir='ltr'>est?</span> <span class='ocrx_word' id='word_1_160' title='bbox 983 2650 1016 2704; x_wconf 90' lang='lat'>10</span> 
     </span>
     <span class='ocr_line' id='line_1_25' title="bbox 162 2742 861 2814; baseline -0.003 -11"><span class='ocrx_word' id='word_1_161' title='bbox 162 2745 235 2803; x_wconf 82' lang='lat' dir='ltr'>Cum</span> <span class='ocrx_word' id='word_1_162' title='bbox 248 2743 303 2802; x_wconf 91' lang='lat' dir='ltr'>tibi</span> <span class='ocrx_word' id='word_1_163' title='bbox 316 2763 370 2803; x_wconf 86' lang='lat' dir='ltr'>nee</span> <span class='ocrx_word' id='word_1_164' title='bbox 382 2744 475 2803; x_wconf 78' lang='lat' dir='ltr'>frater</span> <span class='ocrx_word' id='word_1_165' title='bbox 487 2762 541 2802; x_wconf 84' lang='lat' dir='ltr'>nee</span> <span class='ocrx_word' id='word_1_166' title='bbox 556 2743 595 2802; x_wconf 87' lang='lat' dir='ltr'>sit</span> <span class='ocrx_word' id='word_1_167' title='bbox 608 2742 664 2801; x_wconf 86' lang='lat' dir='ltr'>tibi</span> <span class='ocrx_word' id='word_1_168' title='bbox 677 2742 757 2800; x_wconf 88' lang='lat' dir='ltr'>filius</span> <span class='ocrx_word' id='word_1_169' title='bbox 770 2742 861 2814; x_wconf 90' lang='lat' dir='ltr'>ullus,</span> 
     </span>
     <span class='ocr_line' id='line_1_26' title="bbox 201 2842 812 2917; baseline -0.002 -17"><span class='ocrx_word' id='word_1_170' title='bbox 201 2845 304 2902; x_wconf 79' lang='lat' dir='ltr'>Frater</span> <span class='ocrx_word' id='word_1_171' title='bbox 317 2862 370 2917; x_wconf 86' lang='lat' dir='ltr'>ego</span> <span class='ocrx_word' id='word_1_172' title='bbox 385 2847 415 2901; x_wconf 90' lang='lat' dir='ltr'>et</span> <span class='ocrx_word' id='word_1_173' title='bbox 427 2842 484 2901; x_wconf 92' lang='lat' dir='ltr'>tibi</span> <span class='ocrx_word' id='word_1_174' title='bbox 497 2844 552 2901; x_wconf 89' lang='lat' dir='ltr'>sim</span> <span class='ocrx_word' id='word_1_175' title='bbox 565 2843 645 2901; x_wconf 89' lang='lat' dir='ltr'>filius</span> <span class='ocrx_word' id='word_1_176' title='bbox 659 2861 736 2900; x_wconf 87' lang='lat' dir='ltr'>unus</span> <span class='ocrx_word' id='word_1_177' title='bbox 750 2860 812 2915; x_wconf 85' lang='lat' dir='ltr'>ego.</span> 
     </span>
     <span class='ocr_line' id='line_1_27' title="bbox 104 2940 819 3019; baseline -0.007 -17"><span class='ocrx_word' id='word_1_178' title='bbox 104 2961 140 3003; x_wconf 76' lang='lat'>(³⁵)</span> <span class='ocrx_word' id='word_1_179' title='bbox 162 2945 230 3019; x_wconf 85' lang='lat' dir='ltr'>Ipse</span> <span class='ocrx_word' id='word_1_180' title='bbox 243 2947 313 3002; x_wconf 87' lang='lat' dir='ltr'>tuus</span> <span class='ocrx_word' id='word_1_181' title='bbox 327 2962 438 3018; x_wconf 82' lang='lat' dir='ltr'>semper</span> <span class='ocrx_word' id='word_1_182' title='bbox 450 2940 507 3000; x_wconf 85' lang='lat' dir='ltr'>tibi</span> <span class='ocrx_word' id='word_1_183' title='bbox 521 2940 559 3000; x_wconf 89' lang='lat' dir='ltr'>sit</span> <span class='ocrx_word' id='word_1_184' title='bbox 573 2940 703 2999; x_wconf 78' lang='lat' dir='ltr'>custodia</span> <span class='ocrx_word' id='word_1_185' title='bbox 716 2942 819 3011; x_wconf 80' lang='lat' dir='ltr'>lectus,</span> 
     </span>
     <span class='ocr_line' id='line_1_28' title="bbox 202 3039 796 3101; baseline -0.007 0"><span class='ocrx_word' id='word_1_186' title='bbox 202 3043 263 3101; x_wconf 86' lang='lat' dir='ltr'>Nec</span> <span class='ocrx_word' id='word_1_187' title='bbox 277 3041 364 3099; x_wconf 90' lang='lat' dir='ltr'>nimis</span> <span class='ocrx_word' id='word_1_188' title='bbox 377 3045 479 3100; x_wconf 80' lang='lat' dir='ltr'>ornata</span> <span class='ocrx_word' id='word_1_189' title='bbox 491 3041 588 3099; x_wconf 81' lang='lat' dir='ltr'>fronte</span> <span class='ocrx_word' id='word_1_190' title='bbox 603 3039 701 3099; x_wconf 86' lang='lat' dir='ltr'>sedere</span> <span class='ocrx_word' id='word_1_191' title='bbox 714 3039 796 3098; x_wconf 80' lang='lat' dir='ltr'>velis.</span> 
     </span>
     <span class='ocr_line' id='line_1_29' title="bbox 163 3139 1016 3215; baseline -0.001 -14"><span class='ocrx_word' id='word_1_192' title='bbox 163 3144 284 3201; x_wconf 81' lang='lat' dir='ltr'>Credam</span> <span class='ocrx_word' id='word_1_193' title='bbox 298 3162 350 3215; x_wconf 85' lang='lat' dir='ltr'>ego</span> <span class='ocrx_word' id='word_1_194' title='bbox 363 3140 502 3211; x_wconf 80' lang='lat' dir='ltr'>narranti,</span> <span class='ocrx_word' id='word_1_195' title='bbox 518 3139 580 3197; x_wconf 90' lang='lat' dir='ltr'>noli</span> <span class='ocrx_word' id='word_1_196' title='bbox 594 3139 782 3212; x_wconf 74' lang='lat' dir='ltr'>committere,</span> <span class='ocrx_word' id='word_1_197' title='bbox 799 3139 914 3199; x_wconf 81' lang='lat' dir='ltr'>famae:</span> <span class='ocrx_word' id='word_1_198' title='bbox 983 3147 1016 3200; x_wconf 83' lang='lat'>15</span> 
     </span>
     <span class='ocr_line' id='line_1_30' title="bbox 203 3237 769 3300; baseline -0.005 -2"><span class='ocrx_word' id='word_1_199' title='bbox 203 3242 242 3300; x_wconf 87' lang='lat' dir='ltr'>Et</span> <span class='ocrx_word' id='word_1_200' title='bbox 254 3245 361 3299; x_wconf 82' lang='lat' dir='ltr'>terrum</span> <span class='ocrx_word' id='word_1_201' title='bbox 374 3259 472 3297; x_wconf 89' lang='lat' dir='ltr'>rumor</span> <span class='ocrx_word' id='word_1_202' title='bbox 484 3239 614 3298; x_wconf 80' lang='lat' dir='ltr'>transilit</span> <span class='ocrx_word' id='word_1_203' title='bbox 627 3242 657 3297; x_wconf 88' lang='lat' dir='ltr'>et</span> <span class='ocrx_word' id='word_1_204' title='bbox 671 3237 769 3296; x_wconf 84' lang='lat' dir='ltr'>muria.</span> 
     </span>
    </p>
   </div>
   <div class='ocr_carea' id='block_1_5' title="bbox 0 0 1066 3728">
    <p class='ocr_par' dir='ltr' id='par_1_5' title="bbox 0 0 1066 3728">
     <span class='ocr_line' id='line_1_31' title="bbox 0 0 1066 3728; baseline 0 0"><span class='ocrx_word' id='word_1_205' title='bbox 0 0 1066 3728; x_wconf 95' lang='lat' dir='ltr'> </span> 
     </span>
    </p>
   </div>
  </div>
 </body>
</html>
