2122 3728
127 255 163 306 40
303 247 520 307 euersum
542 246 602 304 nu.
618 247 663 318 Π,
683 251 727 304 12.
746 250 792 303 ra

165 407 197 466 Si
205 409 300 483 ‘pudor
313 409 367 477 est,
383 406 440 463 alio
453 404 543 464 traice
558 405 616 464 tela
629 408 691 463 tua.

125 507 256 564 intactos
269 505 326 564 isto
340 504 432 563 satius
444 506 588 579 temptare
601 522 731 561 veneno:

163 606 193 663 N
194 625 231 664 on
245 625 306 681 ego,
323 604 373 664 sed
385 604 483 663 tenuis
496 603 618 678 vapulat
631 603 735 660 umbra
746 620 821 660 mea.
943 605 981 658 20

126 704 221 769 Quam
236 704 260 763 si
273 702 442 780 perdideris,
459 702 525 778 quis
539 701 596 760 erit
609 700 662 777 qui
674 699 747 759 talia
760 701 861 758 cantet

164 801 260 879 (Haec
274 821 338 860 mea
348 801 435 860 Musa
447 800 521 859 levis
535 800 628 874 gloria
640 818 746 873 magna
758 801 812 857 tua
825 798 894 875 est),

125 901 183 966 (tui
197 904 285 976 caput
298 904 328 959 et
341 899 448 974 digitos
463 902 493 957 et
505 899 619 957 lumina
631 898 716 972 nigra
728 896 846 973 puellae

163 999 203 1058 Et
216 1002 301 1058 canat
313 1002 349 1058 ut
363 999 475 1057 soleant
488 997 617 1056 molliter
628 997 672 1056 ire
685 995 798 1073 pedes?

518 1195 587 1234 1111.

124 1297 191 1355 Non
204 1299 252 1355 tot
264 1296 469 1356 Achaemeniis
483 1299 632 1354 armantur
647 1295 725 1354 Susa
738 1292 865 1368 sagittis,

165 1395 285 1471 Spicula
300 1399 373 1472 quot
386 1398 485 1454 nostro
498 1397 614 1471 pectore
628 1393 696 1452 fixit
709 1387 809 1450 Amor.

124 1494 183 1553 Hic
197 1515 243 1553 me
257 1498 318 1553 tam
332 1495 455 1570 graciles
469 1494 566 1554 vetuit
579 1497 763 1552 contemnere
776 1492 888 1562 Musas,

163 1593 257 1652 Iussit
270 1597 301 1652 et
314 1595 473 1652 Ascraeum
488 1592 529 1651 sic
543 1592 675 1651 habitare
688 1610 801 1663 nemus,

123 1691 190 1750 Non
204 1695 240 1750 ut
252 1691 365 1750 Pieriae
379 1710 504 1768 quercus
517 1711 581 1748 mea
593 1691 683 1748 verba
696 1692 867 1766 sequautur,
963 1693 980 1745 5

164 1791 228 1849 Aut
241 1789 348 1866 possim
362 1789 486 1848 Ismaria
499 1789 604 1847 ducere
616 1789 694 1847 valle
706 1788 793 1860 ieras,

124 1890 182 1948 Sed
194 1888 287 1963 magis
302 1891 337 1946 ut
350 1892 450 1946 nostro
464 1888 602 1964 stupefiat
616 1887 743 1964 (lynthia
756 1906 861 1945 versu:

163 1986 246 2046 Tunc
261 2007 314 2062 ego
329 1987 384 2045 sim
398 1985 520 2044 Inachio
534 1985 630 2043 notior
643 1988 706 2044 arte
721 1984 806 2044 Lino.

123 2087 153 2145 N
153 2106 191 2144 on
209 2106 262 2161 ego
276 2107 340 2146 sum
353 2087 464 2148 formae
477 2093 595 2148 tantum
607 2087 728 2144 mirator
740 2086 889 2158 honestae,

163 2186 193 2243 N
195 2205 227 2244 eo
241 2186 266 2244 si
280 2206 340 2262 qua
353 2187 484 2246 illustres
496 2189 606 2247 femina
618 2187 709 2245 iactat
722 2204 811 2244 avos:
949 2187 984 2240 10

124 2284 173 2342 Me
189 2284 273 2342 iuvet
286 2285 318 2342 in
332 2287 441 2359 gremio
455 2287 556 2345 doctae
569 2285 675 2359 legisse
688 2284 815 2360 puellae,
867 2283 885 2341 κ’

162 2381 293 2441 Auribus
308 2386 338 2443 et
351 2384 433 2460 puris
447 2385 555 2461 scripta
568 2385 703 2461 probasse
716 2401 790 2441 mea.

122 2480 204 2539 Haec
218 2481 270 2540 ubi
285 2483 470 2557 contigerint,
486 2484 589 2560 populi
604 2481 724 2540 confusa
736 2481 835 2540 valeto

165 2579 296 2638 Fabula:
318 2600 387 2638 nam
399 2582 516 2639 domina
529 2581 625 2640 iudice
638 2582 723 2638 tutus
736 2598 795 2637 ero.

126 2677 208 2742 Quae
222 2678 246 2737 si
258 2678 335 2738 forte
348 2681 439 2738 bonas
452 2681 489 2738 ad
502 2701 602 2757 pacem
615 2679 738 2739 verterit
751 2697 845 2751 aures,
947 2681 982 2734 15

165 2777 288 2835 Possum
300 2777 469 2837 inimicitias
482 2782 554 2838 tunc
568 2799 622 2854 ego
634 2778 711 2837 ferre
725 2777 815 2835 Iovis.

126 2874 375 2953 Quandocumque
395 2877 487 2951 igitur
505 2882 620 2937 nostros
638 2896 715 2935 mors
735 2876 853 2935 claudet
867 2875 982 2944 ocellos,

167 2972 276 3049 Accipe
290 2993 365 3050 quae
379 2994 475 3034 serves
488 2976 600 3035 timeris
614 2980 679 3035 acta
691 2975 759 3033 mei.

124 3071 154 3129 N
155 3091 187 3130 ec
201 3093 267 3132 mea
280 3078 352 3133 tunc
365 3074 453 3150 longa
467 3076 612 3151 spatietur
624 3076 752 3150 imagine
765 3094 880 3151 pompa,

163 3169 225 3228 Nec
240 3173 312 3230 tuba
328 3173 367 3232 sit
379 3172 436 3231 fati
449 3193 525 3232 vana
539 3175 671 3251 querella
684 3174 750 3245 mei,
946 3177 985 3231 20

125 3267 187 3326 Nec
201 3268 273 3326 mihi
286 3273 358 3329 tuno
371 3271 466 3330 fulcro
481 3275 629 3332 sternatur
641 3274 736 3332 lectus
750 3273 870 3345 eburno,

164 3365 194 3423 N
194 3385 226 3424 ec
241 3367 280 3426 sit
293 3367 325 3426 in
338 3369 468 3429 Attalico
482 3389 559 3429 mors
572 3391 637 3430 mea
649 3371 722 3429 nixa
734 3375 809 3431 toro.
