2122 3728
263 211 482 272 enormen
502 212 563 270 m.
585 212 629 285 11,
652 218 700 277 29,
870 219 906 272 ca

55 374 114 433 Hic
129 375 200 445 erat,
216 372 295 430 hunc
308 370 416 429 mulier
427 368 511 428 nobis
523 369 599 429 irata
611 369 749 430 locavit.''

94 473 190 545 Dixit,
207 470 283 530 etin
296 470 370 528 collo
383 468 441 527 iam
454 468 528 526 mihi
540 469 634 527 nodus
648 472 719 528 erat.
871 475 906 528 10

56 573 115 631 Hic
129 573 204 631 altor
216 571 300 629 iubet
312 569 344 627 in
357 569 485 628 medium
498 569 669 645 propellere,
685 573 717 627 at
729 571 821 628 alter:

98 677 116 703 “
128 672 270 741 Intereat,
287 667 339 745 qui
351 687 405 726 nos
417 687 476 725 non
489 670 576 743 putat
590 687 650 726 esse
663 666 749 726 deos!

56 769 139 828 Haec
152 772 184 828 te
196 787 256 826 non
269 766 406 825 meritum
419 768 496 824 totos
510 768 647 841 expectat
659 765 692 823 in
704 768 807 825 horas:

96 870 138 926 At
150 871 186 926 tu
199 865 295 924 nescio
310 885 382 942 quas
396 864 520 940 quaeris,
536 865 644 941 inepte,
659 865 741 926 foris.

59 967 139 1032 Quae
153 986 220 1025 cnm
234 965 368 1024 Sidoniae
380 968 524 1022 nocturna
536 964 675 1038 ligamina
688 965 791 1024 mitrae
873 969 907 1023 15

98 1065 232 1136 Solverit,
249 1067 337 1140 atque
351 1063 449 1122 oculos
462 1063 586 1121 moverit
597 1063 651 1122 illa
664 1083 775 1138 graves,

58 1163 220 1221 Adflabunt
233 1162 290 1221 tibi
303 1180 362 1218 non
375 1160 507 1219 Arabum
519 1161 555 1218 de
569 1161 698 1235 gramine
712 1163 820 1235 odores,

99 1261 156 1320 Sed
169 1279 242 1337 quos
254 1259 317 1336 ipse
331 1259 391 1318 suis
403 1258 476 1318 fecit
489 1259 579 1316 Amor
592 1259 734 1319 manibus.

58 1359 172 1418 Parcite
184 1359 253 1430 iam,
268 1358 393 1417 fratres:
415 1357 473 1416 iam
487 1362 580 1416 certos
593 1359 716 1436 spondet
729 1378 847 1431 amores,

98 1458 209 1517 Etiam
223 1457 259 1516 ad
272 1457 439 1515 mandatam
451 1456 585 1514 venimus
598 1477 664 1515 ecce
677 1458 823 1515 domum.'’
871 1464 908 1515 20

58 1559 159 1635 Atque
172 1558 215 1615 ita
229 1558 273 1615 mo'
283 1557 393 1615 iniecto
406 1557 548 1614 dixerunt
559 1576 660 1615 rursus
673 1560 799 1616 amictu:

100 1662 120 1689 “
132 1657 149 1714 I
162 1676 251 1727 nunc,
267 1659 297 1714 et
309 1657 409 1713 noctes
422 1654 500 1713 disce
513 1674 630 1713 manere
643 1655 751 1714 domi.''

59 1755 147 1814 Mane
161 1757 233 1827 erat,
251 1757 281 1812 et
293 1752 383 1825 volui,
400 1752 425 1811 si
438 1753 499 1811 sola
512 1751 673 1829 quiesceret
685 1753 746 1825 illa,

98 1853 199 1912 Visere
212 1873 218 1911 :
241 1855 273 1910 at
284 1851 317 1909 in
329 1852 406 1910 lecto
420 1851 548 1928 Cynthia
562 1852 622 1910 sola
634 1851 702 1910 init.

61 1952 225 2029 Obstupui:
247 1969 306 2009 non
318 1950 372 2008 illa
385 1949 457 2007 mihi
469 1949 621 2009 formosior
633 1970 773 2027 umquam
872 1958 908 2010 25

98 2050 177 2122 Visa,
193 2068 289 2126 neque
303 2048 414 2107 ostrina
427 2068 493 2106 cum
505 2047 565 2107 fuit
577 2048 608 2106 in
622 2048 730 2120 tunica,

60 2149 129 2207 Ibat
142 2151 172 2207 et
184 2148 255 2206 hinc
269 2150 364 2205 castae
377 2148 528 2205 ramatum
542 2147 652 2205 somnia
664 2148 780 2220 Vestae,

99 2247 168 2306 Neu
181 2246 237 2306 sibi
249 2265 323 2304 neve
336 2245 409 2302 mihi
423 2265 497 2322 quse
510 2245 644 2304 nocitura
655 2245 763 2305 forent.

61 2345 139 2404 Talis
152 2345 216 2403 visa
228 2344 301 2402 mihi
315 2363 413 2403 somno
426 2343 544 2402 dimissa
556 2344 684 2403 recenti:

99 2444 169 2502 Heu
182 2446 327 2520 quantum
340 2462 393 2518 per
406 2462 436 2500 se
450 2443 572 2501 candida
583 2443 677 2502 forma
689 2444 787 2505 valet!
873 2452 909 2504 30

64 2548 81 2574 “
94 2542 159 2607 Quo
171 2546 208 2600 tu
220 2541 384 2600 matutinus
392 2539 410 2570 '’
426 2540 469 2599 ait
482 2542 675 2617 “speculator
688 2544 818 2604 amicae?

99 2641 149 2700 Me
163 2640 288 2699 similem
300 2639 406 2699 vestris
418 2639 546 2699 mon'bus
559 2661 620 2700 esse
633 2643 743 2718 putas?

62 2738 128 2797 Non
142 2758 194 2813 ego
207 2741 270 2797 tam
282 2737 394 2796 facilis:
417 2741 463 2796 sat
476 2738 532 2796 erit
544 2738 618 2796 mihi
631 2740 764 2815 cognitus
778 2762 863 2813 nnuc,

100 2837 157 2894 Vel
170 2841 205 2896 tu
218 2836 267 2895 vel
281 2835 305 2894 si
320 2836 385 2912 quis
398 2836 494 2895 verior
507 2857 567 2896 esse
580 2841 685 2914 potest.

61 2936 213 3012 Apparent
226 2955 286 2994 non
297 2936 361 2994 ulla
372 2939 436 2995 toro
450 2936 574 3012 vestigia
585 2957 692 3013 presso,
873 2943 909 2994 35

102 3035 192 3109 Signa
204 3034 373 3110 voluptatis,
390 3055 444 3094 nec
457 3035 579 3094 iacuisse
592 3037 673 3094 duos,

62 3133 177 3208 Aspice,
193 3136 228 3192 ut
241 3132 273 3190 in
284 3135 347 3191 toto
361 3134 462 3194 nullus
474 3133 547 3191 mihi
561 3153 678 3210 corpore
693 3138 793 3210 surgat

101 3231 237 3308 Spiritus,
254 3231 375 3291 admisso
389 3235 476 3291 notus
490 3232 663 3291 adulterio.'’

61 3329 156 3404 Dixit,
173 3334 203 3390 et
216 3329 348 3408 opposito
360 3331 524 3408 propellens
538 3332 617 3391 savia
630 3332 727 3392 dextra
