2122 3728
131 244 185 297 122
317 237 534 297 PROPERTII
555 237 616 295 EL.
640 237 694 303 IV,
719 242 747 294 5.
765 242 793 294 6.

171 397 322 472 Sputaque
335 416 388 472 per
401 397 501 454 dentes
514 394 557 452 ire
571 397 695 452 cruenta
709 414 806 465 cavos,

129 498 228 572 Atque
242 495 368 553 animam
381 495 413 553 in
426 497 537 568 tegetes
550 497 671 568 putrem
685 493 824 569 expirare
835 498 981 570 paternas.

168 593 294 651 Horruit
307 593 418 667 algenti
431 593 554 668 pergula
568 598 654 650 curta
666 592 741 650 ioco,
955 595 988 652 70

130 690 281 766 Exequiac
294 690 412 749 fuerant
424 691 483 749 rari
496 690 610 749 furtiva
624 691 726 765 capilli

169 789 295 846 Vincula
308 793 339 846 et
351 788 492 847 inmundo
505 788 616 864 pallida
630 789 719 846 mitra
735 789 805 860 situ,

129 887 168 945 Et
183 887 261 945 canis
274 887 306 944 in
318 891 432 946 nostros
445 887 532 945 nimis
546 891 719 962 experrecta
732 887 857 958 dolores,

170 986 243 1042 Cum
256 985 386 1044 fallenda
398 1005 462 1043 meo
475 985 581 1061 pollice
595 985 690 1043 clatra
703 985 812 1045 forent.

131 1084 177 1142 Sit
190 1084 325 1142 tumulus
338 1085 421 1143 lenae
436 1088 518 1142 curto
531 1086 619 1164 vetus
633 1084 774 1160 amphora
787 1084 883 1142 collo:
957 1085 990 1142 75

170 1183 282 1256 Urgeat
294 1184 374 1241 huno
388 1203 476 1258 supra
489 1182 542 1257 vis,
558 1182 704 1258 caprifice,
719 1186 782 1240 tua.

132 1281 272 1358 Quisquis
286 1301 373 1351 amas,
389 1281 497 1339 scabris
508 1282 563 1338 hoc
576 1283 699 1339 bustum
713 1282 826 1340 caedite
841 1283 930 1353 saxis,

170 1383 326 1458 Mixtaque
341 1403 407 1440 cum
422 1383 500 1440 saxis
515 1381 611 1439 addite
626 1383 717 1440 verba
730 1383 818 1441 mala.

537 1650 577 1688 v1.

132 1789 219 1846 Sacra
230 1788 303 1847 facit
316 1792 415 1848 vates:
439 1789 499 1847 sint
513 1808 563 1847 ora
575 1787 710 1847 faventia
724 1790 824 1861 sacris,

171 1889 210 1945 Et
225 1889 308 1946 cadat
323 1892 390 1946 ante
404 1909 482 1946 meos
495 1887 556 1946 ieta
568 1887 693 1946 iuvenca
706 1888 798 1947 focos.

131 1987 203 2044 Cera
216 1987 370 2044 Philetaeis
384 1990 476 2045 certet
490 1987 620 2044 Romana
634 1989 793 2064 corymbis,

170 2087 211 2143 Et
226 2087 388 2162 Cyrenaeas
401 2106 477 2143 urna
489 2086 636 2144 ministret
650 2106 752 2162 aquas,

131 2185 250 2242 Costum
264 2187 352 2243 molle
367 2186 434 2244 date
449 2191 479 2243 et
491 2185 593 2243 blandi
606 2185 680 2242 mihi
693 2186 772 2244 turis
785 2189 921 2262 honores,
974 2192 989 2243 5

169 2285 285 2360 Terque
298 2285 397 2343 focum
411 2285 486 2343 circa
499 2286 602 2343 laneus
617 2285 694 2342 orbis
708 2290 768 2345 eat.

131 2383 267 2457 Spargite
280 2403 327 2440 me
341 2384 480 2460 lymphis,
496 2403 669 2460 carmenque
682 2385 856 2444 recentibus
872 2386 930 2444 aris

170 2480 255 2538 Tibia
268 2481 437 2557 Mygdoniis
450 2482 524 2540 libet
539 2483 649 2540 eburna
663 2482 751 2540 cadis.

129 2579 178 2637 Ite
192 2579 296 2653 procul
308 2579 435 2652 fraudes
453 2580 509 2638 alio
525 2580 584 2639 sint
598 2600 662 2639 aere
676 2600 794 2640 noxae:

169 2679 248 2735 Pura
260 2698 370 2736 novum
383 2681 447 2738 vati
461 2682 562 2739 laurea
575 2680 672 2737 mollit
685 2679 753 2737 iter.
959 2684 992 2738 10
1054 2702 1056 2707 ’

129 2778 225 2849 Musa,
243 2778 373 2837 Palatini
385 2780 545 2838 referemus
558 2779 704 2856 Apollinis
720 2780 843 2838 aedem:

170 2876 230 2932 Res
244 2879 298 2946 est,
315 2877 453 2953 Calliope,
470 2879 559 2952 digna
571 2878 672 2936 favore
685 2881 749 2936 tuo.

133 2975 263 3033 Caesaris
276 2976 308 3033 in
321 2996 428 3035 nomen
442 2978 591 3035 ducuntur
604 2975 751 3035 carmina:
776 2976 887 3036 Caesar

171 3073 251 3130 Dum
266 3074 389 3146 canitur,
407 3095 523 3152 quaeso,
540 3075 677 3151 Iuppiter
689 3074 752 3148 ipse
766 3093 864 3133 vaces.

128 3170 182 3227 Est
196 3171 305 3230 Phoebi
318 3172 435 3246 fugiens
450 3175 617 3232 Athamana
631 3174 667 3231 ad
680 3172 769 3230 litora
782 3179 898 3247 portus,
957 3177 990 3229 15

165 3267 231 3332 Qua
244 3269 324 3328 sinus
338 3270 439 3330 Ioniae
452 3292 602 3329 murmura
615 3270 714 3328 condit
727 3289 831 3344 aquae,

117 3367 211 3430 Actia
227 3369 335 3432 Iuleae
349 3372 481 3452 pelagus
493 3368 681 3428 monimenta
692 3364 820 3428 carinae,
