2122 3728
108 253 146 307 24
297 247 515 307 PROPERTII
536 248 595 306 ΕΒ.
611 248 637 320 I,
654 251 702 304 20.
718 251 766 304 21.

148 407 254 466 Oscula
267 408 298 464 et
310 406 423 465 alterna
435 405 511 465 ferre
525 405 629 482 supina
641 403 722 479 fuga.

109 505 167 564 Ille
181 507 235 565 sub
249 507 380 564 extrema
392 504 520 580 pendens
534 502 694 562 secluditur
706 502 761 573 ale,

148 605 189 663 Et
201 604 334 663 volueres
346 623 426 662 ramo
441 605 593 662 submovet
605 601 734 660 insidias.
928 606 966 658 30

110 703 175 761 Iam
187 701 363 761 Pandioniae
378 703 465 761 eessa't
478 720 570 776 genus
584 700 755 776 Orithyiae:

149 801 199 858 Ah
211 801 300 872 dolor,
315 800 379 859 ibat
391 800 497 878 Hylas,
512 799 575 858 ibat
587 796 813 875 Hamadryasin.

110 898 169 957 Hie
183 902 246 958 erat
258 899 406 974 Arganthi
418 900 496 974 Pege
510 899 564 958 sub
577 898 687 958 vertice
699 896 807 956 montis
854 918 857 926 ·

21 1036 25 1042 ·
150 998 241 1057 Grata
253 998 355 1058 domus
368 996 515 1075 Nymphis
528 996 628 1055 umida
641 994 812 1073 Thyniasin,

112 1095 206 1159 Quam
220 1115 307 1172 supra
320 1096 400 1154 nulli
411 1095 577 1172 pendebant
590 1094 689 1153 debita
701 1113 786 1153 ouras
928 1098 966 1151 35

149 1193 274 1252 Roscida
287 1194 409 1253 desertis
421 1214 507 1270 poma
520 1194 575 1253 sub
589 1193 748 1266 arboribus,

110 1292 150 1350 Et
163 1291 272 1350 oireum
284 1291 395 1367 irriguo
410 1293 568 1366 surgebant
580 1291 645 1350 lilia
657 1294 740 1368 prato

151 1388 280 1448 Candida
292 1391 448 1467 purpureis
461 1391 556 1450 mixta
568 1391 771 1468 papaveribus,

111 1489 192 1553 Quae
205 1488 289 1546 modo
302 1488 458 1565 decerpens
474 1493 574 1550 tenero
587 1491 741 1567 pueriliter
752 1490 847 1566 ungui

150 1585 301 1662 Proposito
317 1586 418 1644 florem
431 1590 573 1665 praetulit
586 1590 687 1663 officio,
928 1595 969 1647 40

46 1752 50 1764 Ι
112 1686 152 1744 Et
164 1683 249 1742 modo
262 1683 395 1743 formosis
408 1685 579 1747 incumbens
591 1689 706 1748 nescius
719 1687 805 1747 undis

151 1785 287 1842 Errorem
299 1782 415 1842 blandis
427 1786 526 1845 tardat
538 1786 725 1862 imaginibus.

112 1884 241 1943 Tandem
253 1882 372 1942 haurire
385 1888 470 1959 parat
483 1885 615 1944 demissis
627 1887 750 1946 flumina
762 1884 868 1963 palmis

152 1981 280 2041 Innixus
293 1981 397 2040 dextro
411 1983 499 2058 plena
511 1985 631 2042 trahens
644 2004 754 2044 umero.

114 2081 204 2139 (iuius
217 2082 252 2138 ut
266 2099 401 2138 aooensae
414 2081 546 2158 Dryades
560 2082 683 2143 candore
696 2083 813 2160 puellae
929 2087 967 2139 45

152 2179 276 2237 Miratus
290 2177 390 2237 solitos
403 2178 563 2239 destituere
577 2182 687 2252 ehoros,

114 2278 285 2353 Prolapsum
298 2277 405 2338 leviter
416 2277 497 2337 faoili
510 2281 627 2338 traxere
640 2279 772 2356 liquore:

154 2375 235 2445 Tum,
243 2375 372 2435 sonitum
384 2381 467 2453 rapto
482 2397 599 2454 corpore
611 2377 683 2437 feeit
695 2377 801 2455 Hylas.

115 2474 170 2533 Oui
183 2475 285 2551 prooul
298 2475 417 2535 Alcides
430 2475 517 2534 iterat
530 2495 685 2552 responsa:
708 2475 758 2534 sed
771 2474 818 2533 illi

154 2573 269 2632 Nomen
282 2575 318 2633 ab
331 2573 470 2633 extremis
483 2573 614 2633 lontibus
628 2593 699 2632 aura
710 2572 811 2633 refert.
929 2577 967 2630 50

114 2671 180 2743 His,
197 2691 214 2729 o
228 2671 321 2744 Galle,
337 2675 403 2730 tuos
416 2671 545 2731 monitus
558 2671 686 2731 servabis
699 2691 818 2743 amores,

154 2771 324 2828 Formosum
337 2770 483 2847 Nymphis
497 2771 612 2830 eredere
626 2771 706 2830 visus
718 2771 830 2848 Hylan.

509 2965 571 3004 m.

116 3065 160 3123 Tu
175 3065 226 3141 qui
240 3068 401 3124 consortem
412 3084 549 3141 properas
562 3066 683 3124 evadere
697 3085 803 3138 casum,

154 3163 250 3236 Miles,
267 3166 302 3222 ab
317 3163 448 3222 Etrusois
462 3163 577 3221 saueius
590 3163 754 3238 aggeribus,

117 3261 194 3325 Quid
207 3265 305 3321 nostro
319 3262 430 3336 gemitu
443 3263 592 3335 turgentia
605 3263 717 3321 lumina
729 3257 873 3340 torques?

154 3360 224 3419 Pars
238 3379 292 3435 ego
305 3380 369 3419 sum
382 3365 495 3421 restrae
507 3361 641 3437 proxima
653 3360 786 3422 militiae.
