2122 3728
265 184 485 287 rncrnnrrr
506 227 565 285 nn.
581 227 636 299 rr,
656 231 701 284 10.
727 232 771 286 11.
888 233 942 285 135

129 385 237 446 Oervix
250 385 395 445 Romanos
409 384 551 461 sanguine
563 384 638 443 lavit
651 403 750 461 equos.

90 485 228 545 Claudius
241 485 371 545 Eridano
384 484 521 544 traiectos
534 483 630 543 arcuit
642 484 750 556 hostes,

125 585 245 660 Belgica
258 604 326 644 cum
338 582 416 644 vasti
428 603 530 660 parma
541 583 635 642 relata
647 583 731 642 ducis
903 591 941 642 40

86 684 260 743 Virdomari.
303 684 403 743 Genus
415 682 464 742 hic
478 683 582 741 Rheno
596 681 725 743 iactabat
738 685 774 743 ab
787 683 859 760 ipso,

124 783 240 843 Nobilis
253 803 269 843 e
282 781 371 842 rectis
384 781 509 843 fundere
522 801 609 856 gaesa
621 781 703 841 rotis.

86 882 139 940 Illi
151 882 281 956 virgatas
295 880 454 940 maculanti
468 879 606 956 sanguine
619 881 721 940 bracas

125 984 251 1063 Terquis
263 987 300 1044 ab
313 984 405 1044 incisa
418 983 528 1043 decidit
542 1003 619 1043 unca
633 985 712 1058 gula.

86 1084 172 1144 Nunc
186 1085 278 1162 spolia
288 1083 439 1161 intemplo
448 1083 507 1143 trie
521 1082 650 1142 condita:
667 1102 754 1143 eausa
761 1083 885 1159 Feretri,
902 1090 939 1144 45

125 1184 228 1245 Omine
241 1183 320 1261 qued
334 1186 413 1243 certe
426 1183 490 1241 dux
501 1182 573 1242 ferit
586 1202 655 1242 ense
669 1183 773 1243 ducem
785 1205 792 1256 ;

86 1282 152 1355 Seu,
170 1282 239 1359 quia
251 1282 332 1342 victa
345 1280 407 1340 suis
419 1280 528 1340 umeris
537 1281 595 1340 hac
608 1301 689 1340 arma
701 1281 844 1354 ferebant,

123 1382 203 1441 Hine
216 1381 332 1441 Feretri
345 1381 424 1440 dicta
438 1384 484 1440 est
496 1400 547 1440 ara
561 1382 687 1458 superba
699 1381 789 1442 Iovis.

490 1577 533 1616 XI.

85 1677 201 1750 Desine,
216 1677 329 1749 Paullo,
345 1696 444 1736 meum
456 1677 586 1736 lacrimis
598 1696 704 1752 urgere
718 1678 902 1755 sepulcrum:

124 1776 267 1837 Panditur
281 1776 318 1835 ad
330 1750 429 1835 nullas
441 1774 531 1834 ianua
543 1775 629 1851 nigra
640 1794 750 1852 preces.

86 1877 159 1935 Oum
172 1876 261 1935 semel
273 1875 405 1935 infernas
418 1875 569 1934 intrarunt
581 1875 687 1935 lunera
699 1874 788 1950 leges,

123 1976 192 2035 Non
205 1977 325 2034 exorate
339 1977 421 2034 stant
434 1974 587 2034 adamante
596 1974 671 2033 viae.

85 2074 126 2133 Te
138 2075 210 2134 lieet
222 2076 355 2133 orantem
366 2072 467 2151 fuscae
480 2073 553 2132 deus
566 2072 668 2133 audiat
682 2072 779 2147 aulae3
920 2080 936 2131 5

123 2174 236 2250 Nempe
248 2176 317 2233 tuas
328 2156 467 2239 lacrimas⁸
475 2171 564 2232 litera
577 2172 665 2231 surda
677 2171 789 2232 bibent.
830 2228 835 2234 .

85 2271 161 2331 Vota
170 2274 289 2331 movent
302 2289 438 2347 superos:
461 2269 513 2330 ubi
525 2270 652 2345 partitor
665 2289 732 2330 aera
745 2270 863 2347 recepit,

124 2370 246 2430 Obserat
259 2370 406 2430 umbrosos
418 2368 517 2428 lurida
529 2372 614 2446 porta
626 2388 721 2444 rogos.

86 2467 133 2528 Sic
145 2471 273 2528 maestas
287 2466 417 2527 cecinere
430 2468 528 2540 tubae,
545 2486 612 2526 cum
625 2466 744 2528 subdita
756 2471 890 2529 nostrum
957 2525 964 2540 ,

123 2567 299 2627 Detraheret
312 2567 389 2626 lecto
398 2565 452 2624 fax
465 2565 584 2625 inimica
597 2569 695 2642 caput
902 2572 937 2625 10

85 2664 162 2730 Quid
174 2665 248 2724 mihi
261 2665 430 2740 coniugium
442 2664 549 2737 Paulli,
566 2664 639 2743 quid
651 2683 754 2723 currus
768 2684 888 2725 avorum

122 2765 238 2824 Proluit
252 2767 304 2824 ant
315 2764 411 2825 famae
420 2763 542 2841 pignera
555 2766 641 2824 tanta
652 2762 757 2822 meae?

84 2865 159 2924 Nam
170 2865 269 2924 minus
281 2863 409 2924 immites
421 2863 527 2925 habuit
541 2861 676 2923 Cornelia
689 2861 811 2921 Parcas:

121 2964 167 3023 Ea
180 2983 254 3036 sum,
271 2963 349 3041 quod
362 2961 463 3038 digitis
477 2962 609 3040 quinque
621 2962 747 3034 legatur,
764 2978 846 3019 onus.

78 3060 243 3121 ¹Damnatae
256 3064 366 3132 noctes,
381 3065 411 3120 et
425 3080 476 3120 vos
489 3062 564 3121 vade
577 3062 660 3119 lenta
671 3057 803 3135 paludes,
902 3065 935 3117 15

121 3160 161 3220 nt
174 3179 376 3239 quaecumque
389 3179 468 3218 meos
481 3159 615 3236 implicat
627 3156 707 3215 unda
719 3156 817 3232 pedes,

82 3259 245 3321 Immatnra
257 3260 336 3333 licet,
352 3263 452 3320 tamen
464 3261 524 3323 huc
537 3278 598 3319 non
610 3254 700 3318 noxia
709 3256 797 3316 veni:

116 3359 178 3418 Det
190 3360 280 3419 Pater
292 3359 341 3419 hie
355 3360 480 3422 umbrae
492 3359 600 3423 mellic
610 3357 792 3419 inremeac.
