<?xml version="1.0" encoding="UTF-8"?>
<!DOCTYPE html PUBLIC "-//W3C//DTD XHTML 1.0 Transitional//EN"
    "http://www.w3.org/TR/xhtml1/DTD/xhtml1-transitional.dtd">
<html xmlns="http://www.w3.org/1999/xhtml" xml:lang="en" lang="en">
 <head>
  <title>
</title>
<meta http-equiv="Content-Type" content="text/html;charset=utf-8" />
  <meta name='ocr-system' content='tesseract 3.04.00' />
  <meta name='ocr-capabilities' content='ocr_page ocr_carea ocr_par ocr_line ocrx_word'/>
</head>
<body>
  <div class='ocr_page' id='page_1' title='image "./sexpropertiiele01propgoog_0039.png"; bbox 0 0 2122 3728; ppageno 0'>
   <div class='ocr_carea' id='block_1_1' title="bbox 97 223 641 284">
    <p class='ocr_par' dir='ltr' id='par_1_1' title="bbox 97 223 641 284">
     <span class='ocr_line' id='line_1_1' title="bbox 97 223 641 284; baseline -0.007 0"><span class='ocrx_word' id='word_1_1' title='bbox 97 225 185 284; x_wconf 86' lang='lat' dir='ltr'><strong>xxxii</strong></span> <span class='ocrx_word' id='word_1_2' title='bbox 399 223 641 282; x_wconf 78' lang='lat' dir='ltr'><strong>PRAEFATIO.</strong></span> 
     </span>
    </p>
   </div>
   <div class='ocr_carea' id='block_1_2' title="bbox 97 377 955 3411">
    <p class='ocr_par' dir='ltr' id='par_1_2' title="bbox 97 377 953 662">
     <span class='ocr_line' id='line_1_2' title="bbox 99 377 951 458; baseline -0.007 -16"><span class='ocrx_word' id='word_1_3' title='bbox 99 389 145 456; x_wconf 92' lang='lat'><strong>22,</strong></span> <span class='ocrx_word' id='word_1_4' title='bbox 162 382 400 458; x_wconf 77' lang='lat' dir='ltr'><strong>transportandos</strong></span> <span class='ocrx_word' id='word_1_5' title='bbox 421 401 483 440; x_wconf 81' lang='lat' dir='ltr'>esse</span> <span class='ocrx_word' id='word_1_6' title='bbox 502 383 538 439; x_wconf 80' lang='lat' dir='ltr'><strong>ut</strong></span> <span class='ocrx_word' id='word_1_7' title='bbox 550 379 637 439; x_wconf 78' lang='lat' dir='ltr'><strong>iussit</strong></span> <span class='ocrx_word' id='word_1_8' title='bbox 649 378 850 438; x_wconf 79' lang='lat' dir='ltr'>Baehrensius</span> <span class='ocrx_word' id='word_1_9' title='bbox 870 377 951 437; x_wconf 82' lang='lat' dir='ltr'><strong>Mise.</strong></span> 
     </span>
     <span class='ocr_line' id='line_1_3' title="bbox 98 478 953 558; baseline -0.006 -17"><span class='ocrx_word' id='word_1_10' title='bbox 98 482 169 542; x_wconf 73' lang='lat' dir='ltr'><strong>Oria.</strong></span> <span class='ocrx_word' id='word_1_11' title='bbox 191 503 220 558; x_wconf 91' lang='lat' dir='ltr'><strong>p.</strong></span> <span class='ocrx_word' id='word_1_12' title='bbox 247 486 293 552; x_wconf 85' lang='lat'><strong>85,</strong></span> <span class='ocrx_word' id='word_1_13' title='bbox 318 484 348 539; x_wconf 80' lang='lat' dir='ltr'><strong>et</strong></span> <span class='ocrx_word' id='word_1_14' title='bbox 361 484 429 538; x_wconf 79' lang='lat' dir='ltr'><strong>ante</strong></span> <span class='ocrx_word' id='word_1_15' title='bbox 443 500 510 538; x_wconf 92' lang='lat' dir='ltr'><strong>eum</strong></span> <span class='ocrx_word' id='word_1_16' title='bbox 523 478 682 549; x_wconf 84' lang='lat' dir='ltr'>Livineius,</span> <span class='ocrx_word' id='word_1_17' title='bbox 693 478 780 537; x_wconf 78' lang='lat' dir='ltr'><strong>itaut</strong></span> <span class='ocrx_word' id='word_1_18' title='bbox 791 483 953 555; x_wconf 81' lang='lat' dir='ltr'>sequantur</span> 
     </span>
     <span class='ocr_line' id='line_1_4' title="bbox 97 576 873 662; baseline -0.008 -23"><span class='ocrx_word' id='word_1_19' title='bbox 97 601 140 639; x_wconf 77' lang='lat' dir='ltr'><strong>ve.</strong></span> <span class='ocrx_word' id='word_1_20' title='bbox 157 586 204 639; x_wconf 89' lang='lat'><strong>38.</strong></span> <span class='ocrx_word' id='word_1_21' title='bbox 245 580 310 638; x_wconf 72' lang='lat' dir='ltr'><strong>Vae.</strong></span> <span class='ocrx_word' id='word_1_22' title='bbox 326 583 380 650; x_wconf 86' lang='grc'><strong>23,</strong></span> <span class='ocrx_word' id='word_1_23' title='bbox 404 582 442 636; x_wconf 93' lang='lat'><strong>24</strong></span> <span class='ocrx_word' id='word_1_24' title='bbox 456 577 569 653; x_wconf 78' lang='lat' dir='ltr'><strong>spurios</strong></span> <span class='ocrx_word' id='word_1_25' title='bbox 584 597 649 636; x_wconf 85' lang='lat' dir='ltr'><strong>eum</strong></span> <span class='ocrx_word' id='word_1_26' title='bbox 664 576 769 634; x_wconf 80' lang='lat' dir='ltr'><strong>Ellisio</strong></span> <span class='ocrx_word' id='word_1_27' title='bbox 786 577 873 662; x_wconf 69' lang='lat' dir='ltr'><strong>drieo.</strong></span> 
     </span>
    </p>

    <p class='ocr_par' dir='ltr' id='par_1_3' title="bbox 138 675 777 753">
     <span class='ocr_line' id='line_1_5' title="bbox 138 675 777 753; baseline -0.008 -15"><span class='ocrx_word' id='word_1_28' title='bbox 138 682 164 738; x_wconf 97' lang='lat'><strong>7.</strong></span> <span class='ocrx_word' id='word_1_29' title='bbox 186 685 211 737; x_wconf 94' lang='lat' dir='ltr'><strong>l.</strong></span> <span class='ocrx_word' id='word_1_30' title='bbox 231 698 267 750; x_wconf 75' lang='lat' dir='ltr'><strong>ee,</strong></span> <span class='ocrx_word' id='word_1_31' title='bbox 284 681 350 753; x_wconf 75' lang='lat' dir='ltr'>posi</span> <span class='ocrx_word' id='word_1_32' title='bbox 364 676 451 748; x_wconf 79' lang='lat' dir='ltr'>vitae,</span> <span class='ocrx_word' id='word_1_33' title='bbox 467 677 508 752; x_wconf 89' lang='lat' dir='ltr'><strong>H,</strong></span> <span class='ocrx_word' id='word_1_34' title='bbox 523 677 633 751; x_wconf 80' lang='lat' dir='ltr'><strong>vulgo:</strong></span> <span class='ocrx_word' id='word_1_35' title='bbox 663 695 721 734; x_wconf 86' lang='lat' dir='ltr'><strong>om.</strong></span> <span class='ocrx_word' id='word_1_36' title='bbox 737 675 777 734; x_wconf 89' lang='lat' dir='ltr'><strong>N.</strong></span> 
     </span>
    </p>

    <p class='ocr_par' dir='ltr' id='par_1_4' title="bbox 138 775 465 837">
     <span class='ocr_line' id='line_1_6' title="bbox 138 775 465 837; baseline -0.015 -1"><span class='ocrx_word' id='word_1_37' title='bbox 138 778 165 837; x_wconf 94' lang='lat'><strong>7.</strong></span> <span class='ocrx_word' id='word_1_38' title='bbox 190 782 235 835; x_wconf 87' lang='lat'><strong>18.</strong></span> <span class='ocrx_word' id='word_1_39' title='bbox 258 775 312 835; x_wconf 77' lang='lat' dir='ltr'><strong>aba·</strong></span> <span class='ocrx_word' id='word_1_40' title='bbox 325 777 355 833; x_wconf 85' lang='lat' dir='ltr'><strong>a&#39;a</strong></span> <span class='ocrx_word' id='word_1_41' title='bbox 369 795 413 834; x_wconf 79' lang='lat' dir='ltr'><strong>ara</strong></span> <span class='ocrx_word' id='word_1_42' title='bbox 427 775 465 834; x_wconf 91' lang='lat' dir='ltr'><strong>N.</strong></span> 
     </span>
    </p>

    <p class='ocr_par' dir='ltr' id='par_1_5' title="bbox 97 872 955 1837">
     <span class='ocr_line' id='line_1_7' title="bbox 137 872 952 950; baseline -0.001 -18"><span class='ocrx_word' id='word_1_43' title='bbox 137 875 165 933; x_wconf 94' lang='lat'><strong>7.</strong></span> <span class='ocrx_word' id='word_1_44' title='bbox 187 879 236 932; x_wconf 90' lang='lat'><strong>22.</strong></span> <span class='ocrx_word' id='word_1_45' title='bbox 263 874 323 941; x_wconf 77' lang='lat' dir='ltr'><strong>Qaa</strong></span> <span class='ocrx_word' id='word_1_46' title='bbox 336 874 374 932; x_wconf 92' lang='lat' dir='ltr'><strong>N.</strong></span> <span class='ocrx_word' id='word_1_47' title='bbox 396 872 512 950; x_wconf 83' lang='lat' dir='ltr'><strong>qaaeH,</strong></span> <span class='ocrx_word' id='word_1_48' title='bbox 528 872 627 946; x_wconf 86' lang='lat' dir='ltr'><strong>vulgo.</strong></span> <span class='ocrx_word' id='word_1_49' title='bbox 668 873 901 948; x_wconf 75' lang='lat' dir='ltr'><strong>miaaala‘eaqaaa</strong></span> <span class='ocrx_word' id='word_1_50' title='bbox 913 873 952 932; x_wconf 87' lang='lat' dir='ltr'><strong>N.</strong></span> 
     </span>
     <span class='ocr_line' id='line_1_8' title="bbox 97 970 954 1048; baseline -0.001 -18"><span class='ocrx_word' id='word_1_51' title='bbox 97 973 222 1031; x_wconf 75' lang='lat' dir='ltr'><em>aataata‘e</em></span> <span class='ocrx_word' id='word_1_52' title='bbox 232 991 304 1048; x_wconf 83' lang='lat' dir='ltr'><em>aqaa</em></span> <span class='ocrx_word' id='word_1_53' title='bbox 316 972 365 1030; x_wconf 86' lang='lat' dir='ltr'><strong>vel</strong></span> <span class='ocrx_word' id='word_1_54' title='bbox 379 986 463 1047; x_wconf 76' lang='lat' dir='ltr'><em>aqaae</em></span> <span class='ocrx_word' id='word_1_55' title='bbox 471 971 553 1029; x_wconf 76' lang='lat' dir='ltr'><strong>Itali.</strong></span> <span class='ocrx_word' id='word_1_56' title='bbox 573 970 811 1028; x_wconf 73' lang='lat' dir='ltr'><em>Athamantiadae</em></span> <span class='ocrx_word' id='word_1_57' title='bbox 822 970 864 1043; x_wconf 89' lang='lat' dir='ltr'><strong>H,</strong></span> <span class='ocrx_word' id='word_1_58' title='bbox 876 990 954 1029; x_wconf 81' lang='lat' dir='ltr'><strong>esua</strong></span> 
     </span>
     <span class='ocr_line' id='line_1_9' title="bbox 99 1068 954 1148; baseline 0.001 -21"><span class='ocrx_word' id='word_1_59' title='bbox 99 1070 173 1128; x_wconf 81' lang='lat' dir='ltr'><strong>coni.</strong></span> <span class='ocrx_word' id='word_1_60' title='bbox 194 1070 343 1128; x_wconf 71' lang='lat' dir='ltr'><strong>Mimantis</strong></span> <span class='ocrx_word' id='word_1_61' title='bbox 357 1070 393 1127; x_wconf 87' lang='lat' dir='ltr'><strong>R.</strong></span> <span class='ocrx_word' id='word_1_62' title='bbox 406 1068 568 1148; x_wconf 42' lang='lat' dir='ltr'><strong>Ellisiusssm</strong></span> <span class='ocrx_word' id='word_1_63' title='bbox 578 1069 777 1144; x_wconf 80' lang='lat' dir='ltr'>disputatione</span> <span class='ocrx_word' id='word_1_64' title='bbox 785 1069 954 1128; x_wconf 74' lang='lat' dir='ltr'>deotissime</span> 
     </span>
     <span class='ocr_line' id='line_1_10' title="bbox 98 1167 955 1229; baseline -0.001 -2"><span class='ocrx_word' id='word_1_65' title='bbox 98 1170 134 1228; x_wconf 86' lang='lat' dir='ltr'><strong>de</strong></span> <span class='ocrx_word' id='word_1_66' title='bbox 154 1170 184 1229; x_wconf 94' lang='lat' dir='ltr'><strong>h.</strong></span> <span class='ocrx_word' id='word_1_67' title='bbox 199 1170 220 1227; x_wconf 89' lang='lat' dir='ltr'><strong>l.</strong></span> <span class='ocrx_word' id='word_1_68' title='bbox 235 1169 314 1226; x_wconf 83' lang='lat' dir='ltr'><strong>Proi.</strong></span> <span class='ocrx_word' id='word_1_69' title='bbox 329 1168 407 1227; x_wconf 72' lang='lat' dir='ltr'><strong>Diae.</strong></span> <span class='ocrx_word' id='word_1_70' title='bbox 422 1167 512 1226; x_wconf 89' lang='lat' dir='ltr'><strong>Univ.</strong></span> <span class='ocrx_word' id='word_1_71' title='bbox 528 1167 701 1226; x_wconf 81' lang='lat'><strong>0011.1872.</strong></span> <span class='ocrx_word' id='word_1_72' title='bbox 742 1167 782 1225; x_wconf 89' lang='lat' dir='ltr'><strong>In</strong></span> <span class='ocrx_word' id='word_1_73' title='bbox 795 1187 827 1226; x_wconf 90' lang='lat' dir='ltr'><strong>re</strong></span> <span class='ocrx_word' id='word_1_74' title='bbox 841 1167 955 1227; x_wconf 78' lang='lat' dir='ltr'>ineerta</span> 
     </span>
     <span class='ocr_line' id='line_1_11' title="bbox 98 1262 954 1343; baseline -0.004 -17"><span class='ocrx_word' id='word_1_75' title='bbox 98 1287 164 1326; x_wconf 86' lang='lat' dir='ltr'><strong>eum</strong></span> <span class='ocrx_word' id='word_1_76' title='bbox 184 1267 267 1326; x_wconf 83' lang='lat' dir='ltr'><strong>libris</strong></span> <span class='ocrx_word' id='word_1_77' title='bbox 289 1267 493 1342; x_wconf 78' lang='lat' dir='ltr'><strong>manuscriptis</strong></span> <span class='ocrx_word' id='word_1_78' title='bbox 516 1262 608 1341; x_wconf 75' lang='lat' dir='ltr'>steti,</span> <span class='ocrx_word' id='word_1_79' title='bbox 621 1266 679 1325; x_wconf 82' lang='lat' dir='ltr'><strong>nisi</strong></span> <span class='ocrx_word' id='word_1_80' title='bbox 699 1266 778 1342; x_wconf 88' lang='lat' dir='ltr'><strong>quod</strong></span> <span class='ocrx_word' id='word_1_81' title='bbox 796 1285 867 1343; x_wconf 81' lang='lat' dir='ltr'><strong>qaae</strong></span> <span class='ocrx_word' id='word_1_82' title='bbox 886 1266 954 1324; x_wconf 87' lang='lat' dir='ltr'>dedi</span> 
     </span>
     <span class='ocr_line' id='line_1_12' title="bbox 98 1365 953 1443; baseline -0.002 -19"><span class='ocrx_word' id='word_1_83' title='bbox 98 1386 150 1442; x_wconf 88' lang='lat' dir='ltr'><strong>pro</strong></span> <span class='ocrx_word' id='word_1_84' title='bbox 164 1385 228 1443; x_wconf 81' lang='lat' dir='ltr'><strong>qaa.</strong></span> <span class='ocrx_word' id='word_1_85' title='bbox 269 1366 404 1424; x_wconf 75' lang='lat' dir='ltr'><strong>Fortasse</strong></span> <span class='ocrx_word' id='word_1_86' title='bbox 418 1366 495 1423; x_wconf 90' lang='lat' dir='ltr'>enim</span> <span class='ocrx_word' id='word_1_87' title='bbox 508 1365 609 1424; x_wconf 81' lang='lat' dir='ltr'><strong>fabula</strong></span> <span class='ocrx_word' id='word_1_88' title='bbox 622 1365 774 1441; x_wconf 78' lang='lat' dir='ltr'>Propertio</span> <span class='ocrx_word' id='word_1_89' title='bbox 793 1385 855 1424; x_wconf 90' lang='lat' dir='ltr'><strong>non</strong></span> <span class='ocrx_word' id='word_1_90' title='bbox 868 1365 953 1424; x_wconf 83' lang='lat' dir='ltr'><strong>nobie</strong></span> 
     </span>
     <span class='ocr_line' id='line_1_13' title="bbox 98 1463 954 1541; baseline 0 -19"><span class='ocrx_word' id='word_1_91' title='bbox 98 1468 167 1523; x_wconf 82' lang='lat' dir='ltr'><strong>noba</strong></span> <span class='ocrx_word' id='word_1_92' title='bbox 175 1466 335 1541; x_wconf 83' lang='lat' dir='ltr'><strong>Argynnus</strong></span> <span class='ocrx_word' id='word_1_93' title='bbox 343 1467 463 1539; x_wconf 79' lang='lat' dir='ltr'>propter</span> <span class='ocrx_word' id='word_1_94' title='bbox 475 1463 569 1522; x_wconf 84' lang='lat' dir='ltr'><strong>minas</strong></span> <span class='ocrx_word' id='word_1_95' title='bbox 577 1465 619 1522; x_wconf 71' lang='lat' dir='ltr'><strong>&#39;eal</strong></span> <span class='ocrx_word' id='word_1_96' title='bbox 630 1484 720 1541; x_wconf 81' lang='lat' dir='ltr'>equae</span> <span class='ocrx_word' id='word_1_97' title='bbox 733 1464 826 1523; x_wconf 77' lang='lat' dir='ltr'>dictes</span> <span class='ocrx_word' id='word_1_98' title='bbox 839 1484 954 1523; x_wconf 78' lang='lat' dir='ltr'>mersus</span> 
     </span>
     <span class='ocr_line' id='line_1_14' title="bbox 98 1562 954 1637; baseline 0.001 -16"><span class='ocrx_word' id='word_1_99' title='bbox 98 1563 188 1621; x_wconf 80' lang='lat' dir='ltr'>luisse</span> <span class='ocrx_word' id='word_1_100' title='bbox 210 1562 337 1622; x_wconf 81' lang='lat' dir='ltr'><strong>traditus</strong></span> <span class='ocrx_word' id='word_1_101' title='bbox 360 1565 439 1620; x_wconf 76' lang='lat' dir='ltr'>ereb:</span> <span class='ocrx_word' id='word_1_102' title='bbox 464 1565 494 1620; x_wconf 78' lang='lat' dir='ltr'><strong>ei</strong></span> <span class='ocrx_word' id='word_1_103' title='bbox 518 1565 596 1620; x_wconf 69' lang='lat' dir='ltr'>cerie</span> <span class='ocrx_word' id='word_1_104' title='bbox 611 1583 701 1637; x_wconf 72' lang='lat' dir='ltr'><em>poeaa</em></span> <span class='ocrx_word' id='word_1_105' title='bbox 720 1563 752 1621; x_wconf 87' lang='lat' dir='ltr'><strong>vi</strong></span> <span class='ocrx_word' id='word_1_106' title='bbox 772 1563 851 1621; x_wconf 91' lang='lat' dir='ltr'><strong>omni</strong></span> <span class='ocrx_word' id='word_1_107' title='bbox 873 1567 954 1622; x_wconf 82' lang='lat' dir='ltr'>earet</span> 
     </span>
     <span class='ocr_line' id='line_1_15' title="bbox 98 1660 948 1738; baseline 0 -18"><span class='ocrx_word' id='word_1_108' title='bbox 98 1661 156 1720; x_wconf 86' lang='lat' dir='ltr'><strong>nisi</strong></span> <span class='ocrx_word' id='word_1_109' title='bbox 176 1663 234 1720; x_wconf 83' lang='lat' dir='ltr'><strong>tale</strong></span> <span class='ocrx_word' id='word_1_110' title='bbox 255 1661 327 1738; x_wconf 88' lang='lat' dir='ltr'>quid</span> <span class='ocrx_word' id='word_1_111' title='bbox 345 1661 529 1718; x_wconf 83' lang='lat' dir='ltr'><strong>arbitremur.</strong></span> <span class='ocrx_word' id='word_1_112' title='bbox 580 1660 624 1718; x_wconf 78' lang='lat' dir='ltr'><strong>Of.</strong></span> <span class='ocrx_word' id='word_1_113' title='bbox 646 1660 768 1737; x_wconf 81' lang='lat' dir='ltr'><strong>eaeloqaa</strong></span> <span class='ocrx_word' id='word_1_114' title='bbox 788 1663 948 1733; x_wconf 73' lang='lat' dir='ltr'><strong>minantem,</strong></span> 
     </span>
     <span class='ocr_line' id='line_1_16' title="bbox 101 1759 870 1837; baseline 0 -19"><span class='ocrx_word' id='word_1_115' title='bbox 101 1766 127 1818; x_wconf 90' lang='lat'><strong>3.</strong></span> <span class='ocrx_word' id='word_1_116' title='bbox 143 1766 171 1821; x_wconf 86' lang='lat'><strong>9.</strong></span> <span class='ocrx_word' id='word_1_117' title='bbox 187 1762 235 1820; x_wconf 94' lang='lat'><strong>47.</strong></span> <span class='ocrx_word' id='word_1_118' title='bbox 276 1759 351 1818; x_wconf 86' lang='lat' dir='ltr'>Vide</span> <span class='ocrx_word' id='word_1_119' title='bbox 365 1760 574 1818; x_wconf 81' lang='lat' dir='ltr'>Baehrensium</span> <span class='ocrx_word' id='word_1_120' title='bbox 587 1760 671 1820; x_wconf 85' lang='lat' dir='ltr'><strong>Mise.</strong></span> <span class='ocrx_word' id='word_1_121' title='bbox 687 1761 758 1821; x_wconf 75' lang='lat' dir='ltr'><strong>erit.</strong></span> <span class='ocrx_word' id='word_1_122' title='bbox 774 1781 804 1837; x_wconf 89' lang='lat' dir='ltr'><strong>p.</strong></span> <span class='ocrx_word' id='word_1_123' title='bbox 821 1766 870 1819; x_wconf 85' lang='lat'><strong>85.</strong></span> 
     </span>
    </p>

    <p class='ocr_par' dir='ltr' id='par_1_6' title="bbox 140 1858 744 1934">
     <span class='ocr_line' id='line_1_17' title="bbox 140 1858 744 1934; baseline 0 -16"><span class='ocrx_word' id='word_1_124' title='bbox 140 1860 167 1918; x_wconf 93' lang='lat'><strong>7.</strong></span> <span class='ocrx_word' id='word_1_125' title='bbox 190 1865 236 1931; x_wconf 91' lang='grc'><strong>23,</strong></span> <span class='ocrx_word' id='word_1_126' title='bbox 253 1864 310 1916; x_wconf 94' lang='lat'><strong>24:</strong></span> <span class='ocrx_word' id='word_1_127' title='bbox 334 1858 454 1934; x_wconf 75' lang='lat' dir='ltr'><strong>Spurius</strong></span> <span class='ocrx_word' id='word_1_128' title='bbox 469 1878 535 1916; x_wconf 83' lang='lat' dir='ltr'><strong>eum</strong></span> <span class='ocrx_word' id='word_1_129' title='bbox 548 1859 651 1917; x_wconf 83' lang='lat' dir='ltr'><strong>Ellisio</strong></span> <span class='ocrx_word' id='word_1_130' title='bbox 661 1860 744 1918; x_wconf 83' lang='lat' dir='ltr'><strong>duco.</strong></span> 
     </span>
    </p>

    <p class='ocr_par' dir='ltr' id='par_1_7' title="bbox 140 1957 952 2035">
     <span class='ocr_line' id='line_1_18' title="bbox 140 1957 952 2035; baseline 0.002 -19"><span class='ocrx_word' id='word_1_131' title='bbox 140 1958 167 2016; x_wconf 90' lang='lat'><strong>7.</strong></span> <span class='ocrx_word' id='word_1_132' title='bbox 184 1962 231 2015; x_wconf 89' lang='lat'><strong>25.</strong></span> <span class='ocrx_word' id='word_1_133' title='bbox 240 1959 337 2032; x_wconf 70' lang='lat' dir='ltr'><strong>posita</strong></span> <span class='ocrx_word' id='word_1_134' title='bbox 347 1962 387 2015; x_wconf 75' lang='lat' dir='ltr'><strong>aei</strong></span> <span class='ocrx_word' id='word_1_135' title='bbox 397 1957 434 2027; x_wconf 88' lang='lat' dir='ltr'><strong>N,</strong></span> <span class='ocrx_word' id='word_1_136' title='bbox 440 1959 587 2033; x_wconf 70' lang='lat' dir='ltr'><strong>positaque</strong></span> <span class='ocrx_word' id='word_1_137' title='bbox 597 1958 638 2029; x_wconf 88' lang='lat' dir='ltr'><strong>H,</strong></span> <span class='ocrx_word' id='word_1_138' title='bbox 647 1977 712 2016; x_wconf 85' lang='lat' dir='ltr'><strong>eum</strong></span> <span class='ocrx_word' id='word_1_139' title='bbox 722 1959 845 2035; x_wconf 88' lang='lat' dir='ltr'><strong>reliquis</strong></span> <span class='ocrx_word' id='word_1_140' title='bbox 858 1960 952 2018; x_wconf 83' lang='lat' dir='ltr'><strong>libris.</strong></span> 
     </span>
    </p>

    <p class='ocr_par' dir='ltr' id='par_1_8' title="bbox 99 2055 952 2327">
     <span class='ocr_line' id='line_1_19' title="bbox 140 2055 951 2127; baseline 0.004 -13"><span class='ocrx_word' id='word_1_141' title='bbox 140 2056 167 2114; x_wconf 90' lang='lat'><strong>7.</strong></span> <span class='ocrx_word' id='word_1_142' title='bbox 190 2060 237 2112; x_wconf 89' lang='grc'><strong>29.</strong></span> <span class='ocrx_word' id='word_1_143' title='bbox 259 2056 308 2113; x_wconf 80' lang='lat' dir='ltr'><strong>Ira</strong></span> <span class='ocrx_word' id='word_1_144' title='bbox 328 2055 366 2127; x_wconf 90' lang='lat' dir='ltr'><strong>N,</strong></span> <span class='ocrx_word' id='word_1_145' title='bbox 383 2075 479 2114; x_wconf 83' lang='lat' dir='ltr'><em>aaraaa</em></span> <span class='ocrx_word' id='word_1_146' title='bbox 492 2055 531 2114; x_wconf 91' lang='lat' dir='ltr'><strong>N.</strong></span> <span class='ocrx_word' id='word_1_147' title='bbox 553 2061 664 2115; x_wconf 76' lang='lat' dir='ltr'><em>aaraata</em></span> <span class='ocrx_word' id='word_1_148' title='bbox 686 2057 721 2116; x_wconf 71' lang='lat' dir='ltr'><strong>G.</strong></span> <span class='ocrx_word' id='word_1_149' title='bbox 736 2058 769 2115; x_wconf 86' lang='lat' dir='ltr'><strong>T.</strong></span> <span class='ocrx_word' id='word_1_150' title='bbox 788 2058 951 2117; x_wconf 86' lang='lat' dir='ltr'>Lendrum-</span> 
     </span>
     <span class='ocr_line' id='line_1_20' title="bbox 99 2152 952 2234; baseline 0.009 -25"><span class='ocrx_word' id='word_1_151' title='bbox 99 2152 154 2224; x_wconf 88' lang='lat' dir='ltr'>ius,</span> <span class='ocrx_word' id='word_1_152' title='bbox 170 2153 249 2210; x_wconf 86' lang='lat' dir='ltr'>haud</span> <span class='ocrx_word' id='word_1_153' title='bbox 263 2153 348 2210; x_wconf 80' lang='lat' dir='ltr'><strong>male.</strong></span> <span class='ocrx_word' id='word_1_154' title='bbox 373 2153 429 2210; x_wconf 83' lang='lat' dir='ltr'><strong>Sed</strong></span> <span class='ocrx_word' id='word_1_155' title='bbox 439 2172 535 2211; x_wconf 77' lang='lat' dir='ltr'><strong>aureae</strong></span> <span class='ocrx_word' id='word_1_156' title='bbox 549 2154 672 2213; x_wconf 69' lang='lat' dir='ltr'>debetur</span> <span class='ocrx_word' id='word_1_157' title='bbox 686 2155 805 2215; x_wconf 84' lang='lat' dir='ltr'><strong>librario</strong></span> <span class='ocrx_word' id='word_1_158' title='bbox 814 2163 889 2216; x_wconf 74' lang='lat' dir='ltr'><strong>ratae</strong></span> <span class='ocrx_word' id='word_1_159' title='bbox 898 2177 952 2234; x_wconf 83' lang='lat' dir='ltr'><strong>pro</strong></span> 
     </span>
     <span class='ocr_line' id='line_1_21' title="bbox 100 2249 739 2327; baseline 0.008 -20"><span class='ocrx_word' id='word_1_160' title='bbox 100 2250 231 2308; x_wconf 83' lang='lat' dir='ltr'>voeativo</span> <span class='ocrx_word' id='word_1_161' title='bbox 253 2249 408 2325; x_wconf 79' lang='lat' dir='ltr'>accipienti</span> <span class='ocrx_word' id='word_1_162' title='bbox 429 2255 496 2327; x_wconf 77' lang='lat' dir='ltr'>post</span> <span class='ocrx_word' id='word_1_163' title='bbox 518 2253 564 2310; x_wconf 75' lang='lat' dir='ltr'><strong>a&#39;te.</strong></span> <span class='ocrx_word' id='word_1_164' title='bbox 608 2255 688 2312; x_wconf 73' lang='lat' dir='ltr'><strong>teriia</strong></span> <span class='ocrx_word' id='word_1_165' title='bbox 702 2254 739 2313; x_wconf 92' lang='lat' dir='ltr'><strong>N.</strong></span> 
     </span>
    </p>

    <p class='ocr_par' dir='ltr' id='par_1_9' title="bbox 140 2348 876 2428">
     <span class='ocr_line' id='line_1_22' title="bbox 140 2348 876 2428; baseline 0.008 -21"><span class='ocrx_word' id='word_1_166' title='bbox 140 2350 167 2407; x_wconf 96' lang='grc'><strong>7.</strong></span> <span class='ocrx_word' id='word_1_167' title='bbox 190 2352 237 2406; x_wconf 86' lang='grc'><strong>31.</strong></span> <span class='ocrx_word' id='word_1_168' title='bbox 250 2348 450 2423; x_wconf 73' lang='lat' dir='ltr'><em>faaratfata&#39;a:</em></span> <span class='ocrx_word' id='word_1_169' title='bbox 470 2350 510 2423; x_wconf 93' lang='lat' dir='ltr'><strong>H,</strong></span> <span class='ocrx_word' id='word_1_170' title='bbox 528 2371 617 2426; x_wconf 84' lang='lat' dir='ltr'>prava</span> <span class='ocrx_word' id='word_1_171' title='bbox 629 2352 876 2428; x_wconf 77' lang='lat' dir='ltr'><strong>interpunctione.</strong></span> 
     </span>
    </p>

    <p class='ocr_par' dir='ltr' id='par_1_10' title="bbox 140 2446 828 2522">
     <span class='ocr_line' id='line_1_23' title="bbox 140 2446 828 2522; baseline 0.007 -17"><span class='ocrx_word' id='word_1_172' title='bbox 140 2446 167 2505; x_wconf 92' lang='lat'><strong>7.</strong></span> <span class='ocrx_word' id='word_1_173' title='bbox 190 2446 237 2505; x_wconf 91' lang='grc'><strong>37.</strong></span> <span class='ocrx_word' id='word_1_174' title='bbox 259 2447 396 2505; x_wconf 76' lang='lat' dir='ltr'><strong>iara&#39;da&#39;aar</strong></span> <span class='ocrx_word' id='word_1_175' title='bbox 409 2447 447 2520; x_wconf 89' lang='lat' dir='ltr'><strong>N,</strong></span> <span class='ocrx_word' id='word_1_176' title='bbox 463 2450 581 2508; x_wconf 77' lang='lat' dir='ltr'><strong>iara&#39;da&#39;ae</strong></span> <span class='ocrx_word' id='word_1_177' title='bbox 594 2451 634 2522; x_wconf 89' lang='lat' dir='ltr'><strong>H,</strong></span> <span class='ocrx_word' id='word_1_178' title='bbox 650 2451 739 2510; x_wconf 77' lang='lat' dir='ltr'><strong>multi</strong></span> <span class='ocrx_word' id='word_1_179' title='bbox 750 2452 828 2510; x_wconf 88' lang='lat' dir='ltr'><strong>libri.</strong></span> 
     </span>
    </p>

    <p class='ocr_par' dir='ltr' id='par_1_11' title="bbox 140 2545 852 2625">
     <span class='ocr_line' id='line_1_24' title="bbox 140 2545 852 2625; baseline 0.007 -19"><span class='ocrx_word' id='word_1_180' title='bbox 140 2547 168 2606; x_wconf 90' lang='lat'><strong>7.</strong></span> <span class='ocrx_word' id='word_1_181' title='bbox 191 2551 240 2604; x_wconf 90' lang='lat'><strong>42.</strong></span> <span class='ocrx_word' id='word_1_182' title='bbox 262 2545 316 2604; x_wconf 77' lang='lat' dir='ltr'><strong>eali</strong></span> <span class='ocrx_word' id='word_1_183' title='bbox 327 2546 365 2618; x_wconf 90' lang='lat' dir='ltr'><strong>N,</strong></span> <span class='ocrx_word' id='word_1_184' title='bbox 382 2547 462 2606; x_wconf 73' lang='lat' dir='ltr'><strong>soliti</strong></span> <span class='ocrx_word' id='word_1_185' title='bbox 474 2548 599 2625; x_wconf 70' lang='lat' dir='ltr'>LipsiuS,</span> <span class='ocrx_word' id='word_1_186' title='bbox 616 2550 657 2607; x_wconf 89' lang='lat' dir='ltr'><strong>H.</strong></span> <span class='ocrx_word' id='word_1_187' title='bbox 692 2551 779 2609; x_wconf 80' lang='lat' dir='ltr'><strong>ialam</strong></span> <span class='ocrx_word' id='word_1_188' title='bbox 793 2551 852 2611; x_wconf 79' lang='lat' dir='ltr'><strong>alii.</strong></span> 
     </span>
    </p>

    <p class='ocr_par' dir='ltr' id='par_1_12' title="bbox 140 2645 770 2722">
     <span class='ocr_line' id='line_1_25' title="bbox 140 2645 770 2722; baseline 0.006 -18"><span class='ocrx_word' id='word_1_189' title='bbox 140 2645 167 2704; x_wconf 89' lang='lat'><strong>7.</strong></span> <span class='ocrx_word' id='word_1_190' title='bbox 193 2650 241 2703; x_wconf 87' lang='lat'><strong>43.</strong></span> <span class='ocrx_word' id='word_1_191' title='bbox 259 2647 357 2720; x_wconf 73' lang='lat' dir='ltr'><strong>patrio</strong></span> <span class='ocrx_word' id='word_1_192' title='bbox 381 2646 458 2705; x_wconf 87' lang='lat' dir='ltr'><strong>libri.</strong></span> <span class='ocrx_word' id='word_1_193' title='bbox 494 2649 607 2722; x_wconf 64' lang='lat' dir='ltr'><strong>partior</strong></span> <span class='ocrx_word' id='word_1_194' title='bbox 620 2649 770 2710; x_wconf 82' lang='lat' dir='ltr'>Heinsius,</span> 
     </span>
    </p>

    <p class='ocr_par' dir='ltr' id='par_1_13' title="bbox 102 2743 952 3022">
     <span class='ocr_line' id='line_1_26' title="bbox 140 2743 952 2855; baseline 0.011 -54"><span class='ocrx_word' id='word_1_195' title='bbox 140 2743 168 2803; x_wconf 92' lang='lat'><strong>7.</strong></span> <span class='ocrx_word' id='word_1_196' title='bbox 190 2747 237 2802; x_wconf 86' lang='lat'><strong>46.</strong></span> <span class='ocrx_word' id='word_1_197' title='bbox 244 2744 316 2827; x_wconf 76' lang='lat' dir='ltr'><strong>stara</strong></span> <span class='ocrx_word' id='word_1_198' title='bbox 324 2744 362 2817; x_wconf 88' lang='lat' dir='ltr'><strong>N,</strong></span> <span class='ocrx_word' id='word_1_199' title='bbox 369 2745 445 2821; x_wconf 70' lang='lat' dir='ltr'><strong>flare</strong></span> <span class='ocrx_word' id='word_1_200' title='bbox 453 2746 576 2805; x_wconf 83' lang='lat' dir='ltr'><strong>Iacobus</strong></span> <span class='ocrx_word' id='word_1_201' title='bbox 584 2747 624 2818; x_wconf 95' lang='lat' dir='ltr'><strong>H,</strong></span> <span class='ocrx_word' id='word_1_202' title='bbox 634 2747 756 2807; x_wconf 81' lang='lat' dir='ltr'>fortasse</span> <span class='ocrx_word' id='word_1_203' title='bbox 763 2769 812 2808; x_wconf 84' lang='lat' dir='ltr'><strong>ree</strong></span> <span class='ocrx_word' id='word_1_204' title='bbox 827 2752 952 2855; x_wconf 51' lang='lat' dir='ltr'>querte</span> 
     </span>
     <span class='ocr_line' id='line_1_27' title="bbox 104 2843 951 2923; baseline 0.007 -21"><span class='ocrx_word' id='word_1_205' title='bbox 104 2847 122 2874; x_wconf 90' lang='lat'><strong>“</strong></span> <span class='ocrx_word' id='word_1_206' title='bbox 134 2843 232 2902; x_wconf 86' lang='lat' dir='ltr'>where</span> <span class='ocrx_word' id='word_1_207' title='bbox 246 2844 297 2901; x_wconf 81' lang='lat' dir='ltr'><strong>ihe</strong></span> <span class='ocrx_word' id='word_1_208' title='bbox 311 2844 388 2902; x_wconf 77' lang='lat' dir='ltr'><strong>blasi</strong></span> <span class='ocrx_word' id='word_1_209' title='bbox 396 2844 448 2902; x_wconf 80' lang='lat' dir='ltr'><strong>hae</strong></span> <span class='ocrx_word' id='word_1_210' title='bbox 458 2863 496 2902; x_wconf 90' lang='lat' dir='ltr'><strong>no</strong></span> <span class='ocrx_word' id='word_1_211' title='bbox 506 2845 634 2920; x_wconf 84' lang='lat' dir='ltr'><strong>power.&#39;’</strong></span> <span class='ocrx_word' id='word_1_212' title='bbox 664 2846 709 2905; x_wconf 80' lang='lat' dir='ltr'><strong>cf.</strong></span> <span class='ocrx_word' id='word_1_213' title='bbox 725 2851 752 2906; x_wconf 90' lang='lat'><strong>4.</strong></span> <span class='ocrx_word' id='word_1_214' title='bbox 769 2852 796 2905; x_wconf 86' lang='lat'><strong>5.</strong></span> <span class='ocrx_word' id='word_1_215' title='bbox 855 2854 951 2923; x_wconf 71' lang='lat' dir='ltr'><strong>,potae</strong></span> 
     </span>
     <span class='ocr_line' id='line_1_28' title="bbox 102 2941 902 3022; baseline 0.01 -24"><span class='ocrx_word' id='word_1_216' title='bbox 102 2941 276 2999; x_wconf 83' lang='lat' dir='ltr'>Dresdensie</span> <span class='ocrx_word' id='word_1_217' title='bbox 290 2943 367 3000; x_wconf 88' lang='lat' dir='ltr'>unde</span> <span class='ocrx_word' id='word_1_218' title='bbox 382 2941 559 3001; x_wconf 85' lang='lat' dir='ltr'>coniecerem</span> <span class='ocrx_word' id='word_1_219' title='bbox 572 2944 616 3002; x_wconf 80' lang='lat' dir='ltr'><strong>aa&#39;l</strong></span> <span class='ocrx_word' id='word_1_220' title='bbox 629 2943 684 3016; x_wconf 81' lang='lat' dir='ltr'><strong>abi,</strong></span> <span class='ocrx_word' id='word_1_221' title='bbox 706 2946 802 3019; x_wconf 79' lang='lat' dir='ltr'><strong>Caura,</strong></span> <span class='ocrx_word' id='word_1_222' title='bbox 813 2944 902 3022; x_wconf 63' lang='lat' dir='ltr'><strong>paler.</strong></span> 
     </span>
    </p>

    <p class='ocr_par' dir='ltr' id='par_1_14' title="bbox 142 3040 586 3116">
     <span class='ocr_line' id='line_1_29' title="bbox 142 3040 586 3116; baseline 0.002 -18"><span class='ocrx_word' id='word_1_223' title='bbox 142 3040 168 3098; x_wconf 93' lang='lat'><strong>7.</strong></span> <span class='ocrx_word' id='word_1_224' title='bbox 191 3045 238 3098; x_wconf 81' lang='lat'><strong>49.</strong></span> <span class='ocrx_word' id='word_1_225' title='bbox 261 3041 319 3099; x_wconf 79' lang='lat' dir='ltr'><strong>abio</strong></span> <span class='ocrx_word' id='word_1_226' title='bbox 334 3040 412 3099; x_wconf 87' lang='lat' dir='ltr'><strong>libri.</strong></span> <span class='ocrx_word' id='word_1_227' title='bbox 449 3041 531 3116; x_wconf 69' lang='lat' dir='ltr'><strong>&#39;thyio</strong></span> <span class='ocrx_word' id='word_1_228' title='bbox 544 3041 586 3100; x_wconf 94' lang='lat' dir='ltr'><strong>H.</strong></span> 
     </span>
    </p>

    <p class='ocr_par' dir='ltr' id='par_1_15' title="bbox 102 3138 949 3312">
     <span class='ocr_line' id='line_1_30' title="bbox 141 3138 949 3220; baseline 0.006 -23"><span class='ocrx_word' id='word_1_229' title='bbox 141 3138 168 3197; x_wconf 95' lang='lat'><strong>7.</strong></span> <span class='ocrx_word' id='word_1_230' title='bbox 190 3144 236 3197; x_wconf 83' lang='lat'><strong>50.</strong></span> <span class='ocrx_word' id='word_1_231' title='bbox 256 3139 415 3214; x_wconf 74' lang='lat' dir='ltr'><strong>Etsaltam</strong></span> <span class='ocrx_word' id='word_1_232' title='bbox 428 3139 497 3198; x_wconf 89' lang='lat' dir='ltr'><strong>libri</strong></span> <span class='ocrx_word' id='word_1_233' title='bbox 510 3140 638 3217; x_wconf 90' lang='lat' dir='ltr'><strong>plurimi.</strong></span> <span class='ocrx_word' id='word_1_234' title='bbox 667 3142 789 3220; x_wconf 77' lang='lat' dir='ltr'><strong>affaltum</strong></span> <span class='ocrx_word' id='word_1_235' title='bbox 799 3145 839 3218; x_wconf 89' lang='lat' dir='ltr'><strong>H,</strong></span> <span class='ocrx_word' id='word_1_236' title='bbox 850 3146 949 3220; x_wconf 79' lang='lat' dir='ltr'><strong>vulgo.</strong></span> 
     </span>
     <span class='ocr_line' id='line_1_31' title="bbox 102 3237 395 3312; baseline 0.01 -18"><span class='ocrx_word' id='word_1_237' title='bbox 102 3238 157 3295; x_wconf 77' lang='lat' dir='ltr'><strong>Ea</strong></span> <span class='ocrx_word' id='word_1_238' title='bbox 163 3237 273 3312; x_wconf 76' lang='lat' dir='ltr'><strong>saliam</strong></span> <span class='ocrx_word' id='word_1_239' title='bbox 286 3239 395 3297; x_wconf 79' lang='lat' dir='ltr'><strong>malim.</strong></span> 
     </span>
    </p>

    <p class='ocr_par' dir='ltr' id='par_1_16' title="bbox 143 3336 620 3411">
     <span class='ocr_line' id='line_1_32' title="bbox 143 3336 620 3411; baseline 0.013 -17"><span class='ocrx_word' id='word_1_240' title='bbox 143 3336 170 3395; x_wconf 95' lang='lat'><strong>7.</strong></span> <span class='ocrx_word' id='word_1_241' title='bbox 193 3341 239 3396; x_wconf 84' lang='lat'><strong>52.</strong></span> <span class='ocrx_word' id='word_1_242' title='bbox 261 3339 343 3396; x_wconf 77' lang='lat' dir='ltr'>mirer</span> <span class='ocrx_word' id='word_1_243' title='bbox 356 3337 394 3410; x_wconf 88' lang='lat' dir='ltr'><strong>N,</strong></span> <span class='ocrx_word' id='word_1_244' title='bbox 410 3337 451 3411; x_wconf 93' lang='lat' dir='ltr'><strong>H,</strong></span> <span class='ocrx_word' id='word_1_245' title='bbox 468 3339 565 3398; x_wconf 70' lang='lat' dir='ltr'>miseri</span> <span class='ocrx_word' id='word_1_246' title='bbox 577 3340 620 3400; x_wconf 89' lang='lat' dir='ltr'><strong>ed.</strong></span> 
     </span>
    </p>
   </div>
   <div class='ocr_carea' id='block_1_3' title="bbox 0 0 1069 3728">
    <p class='ocr_par' dir='ltr' id='par_1_17' title="bbox 0 0 1069 3728">
     <span class='ocr_line' id='line_1_33' title="bbox 0 0 1069 3728; baseline 0 0"><span class='ocrx_word' id='word_1_247' title='bbox 0 0 1069 3728; x_wconf 95' lang='lat' dir='ltr'><strong> </strong></span> 
     </span>
    </p>
   </div>
  </div>
 </body>
</html>
