2122 3728
310 219 528 278 rsornnrrr
548 219 607 277 nn.
629 220 763 294 nure.
925 226 961 278 aa

488 455 576 494 xvm.

110 566 232 625 Clausus
246 568 282 625 ab
295 569 429 626 umbroso
443 587 502 644 qua
515 567 623 625 alludit
635 570 744 642 pontus
757 568 875 627 Averno

146 665 277 724 Fumida
289 665 427 724 Baiarum
441 670 544 740 stagna
556 665 684 741 tepentis
699 653 800 742 aquae,

108 764 173 827 Qua
185 764 261 824 iacet
274 767 305 823 et
318 765 420 824 Troiae
433 765 554 823 tubicen
566 765 698 822 Misenus
711 765 830 838 harena,

145 863 185 921 nt
199 867 283 922 sonat
295 864 442 922 Herculeo
457 865 569 921 structa
581 864 680 923 labore
694 863 751 936 via,

106 961 174 1033 Hic,
190 962 251 1035 ubi5
267 962 404 1022 mortales
417 963 524 1021 dextra
538 983 604 1022 cum
618 966 772 1040 quaereret
785 950 880 1036 urbes,
942 970 958 1020 5

145 1060 285 1138 Cymbala
298 1061 435 1120 Thebano
450 1081 640 1138 concrepuere
654 1064 726 1120 deo:

104 1160 147 1218 At
159 1179 247 1232 nunc,
262 1160 373 1219 invisae
388 1180 491 1234 magno
506 1181 572 1219 cum
586 1161 706 1219 crimine
719 1161 817 1233 Baiae,

144 1258 217 1324 Quis
230 1260 301 1318 deus
314 1260 346 1318 in
359 1264 457 1320 vestra
471 1260 602 1319 constitit
615 1259 708 1318 hostis
722 1260 824 1337 aqua?

103 1359 161 1430 His
173 1379 290 1435 pressus
305 1360 422 1437 Stygias
435 1360 553 1418 vultum
566 1359 683 1418 demisit
696 1359 728 1416 in
741 1359 844 1431 undas,

143 1458 230 1516 Errat
243 1462 273 1516 et
286 1458 427 1516 investro
442 1457 563 1534 spiritus
576 1457 627 1515 ille
640 1457 717 1516 lacu.
922 1463 956 1515 10

104 1554 183 1620 Quid
195 1575 287 1630 genus
302 1559 354 1615 aut
366 1555 461 1614 virtus
475 1559 527 1614 aut
541 1554 651 1631 optima
663 1553 776 1631 profuit
789 1554 836 1613 illi

141 1654 246 1727 Mater,
263 1659 293 1714 et
306 1656 474 1731 amplexum
488 1653 617 1713 Caesaris
632 1674 693 1713 esse
706 1653 809 1712 locos?

103 1754 167 1812 Aut
178 1754 262 1812 modo
275 1757 337 1812 tam
348 1755 435 1830 pleno
449 1753 597 1812 fluitantia
611 1753 677 1810 vela
689 1753 816 1823 theatro,

142 1852 182 1912 Et
195 1856 405 1929 permutemus
418 1853 515 1910 omnia
529 1857 611 1926 gesta
624 1851 751 1909 manus?

103 1950 225 2023 Occidit,
242 1955 272 2010 et
284 1950 388 2010 misero
403 1954 524 2010 steterat
536 1949 695 2024 vigesimus
709 1968 821 2008 annus:
920 1957 954 2008 15

142 2051 198 2109 Tot
210 2052 286 2109 bona
298 2053 359 2108 tam
372 2069 462 2126 parvo
476 2049 582 2107 clausit
594 2048 627 2106 in
640 2050 708 2108 orbe
722 2048 793 2107 dies.

103 2148 120 2205 Ι
134 2168 221 2221 nunc,
237 2149 310 2207 tolle
324 2148 433 2206 animos
448 2152 478 2207 et
491 2151 590 2208 tecum
602 2148 681 2222 finge
695 2147 866 2224 triumphos,

142 2248 314 2325 Stantiaque
328 2249 360 2307 in
373 2249 509 2325 plausum
522 2252 585 2308 tota
598 2250 715 2308 theatra
727 2248 840 2308 iuvent.

102 2348 246 2407 Attalicas
260 2368 361 2425 supera
374 2353 478 2421 vestes,
495 2350 584 2425 atque
599 2347 695 2406 omnia
707 2348 821 2423 magnis

140 2447 277 2506 Gemmea
291 2447 350 2507 sint
362 2448 459 2506 ludis:
481 2448 600 2522 ignibus
613 2448 671 2507 ista
684 2449 775 2508 dabis,
916 2456 952 2506 20

101 2545 158 2604 Sed
170 2550 269 2605 tamen
282 2547 336 2605 hoc
350 2567 457 2619 omnes,
472 2547 531 2605 huc
546 2547 658 2623 primus
671 2551 702 2606 et
715 2548 838 2607 ultimus
851 2549 936 2607 ordo:

139 2645 193 2704 Est
205 2645 291 2717 mala,
308 2645 362 2703 sed·
372 2645 484 2704 cunetis
497 2645 554 2704 ista
567 2647 688 2704 terenda
701 2647 749 2704 via
763 2648 816 2705 est.

100 2743 257 2805 Exoranda
270 2743 350 2801 canis
363 2744 421 2802 tria
435 2748 505 2801 sunt
518 2744 657 2802 latrantia
671 2745 754 2816 oolla,

139 2843 309 2902 Scandenda
322 2847 366 2901 est
379 2843 457 2902 torvi
469 2843 588 2919 publiea
602 2846 705 2920 cymba
719 2843 804 2903 senis.

99 2936 242 3001 Ille‘licct
255 2943 332 3000 ferro
346 2945 449 3001 cautus
463 2962 493 3000 se
508 2943 613 3002 condat
626 2947 656 3001 et
670 2962 753 3002 aere:
914 2948 949 2998 25

136 3041 216 3099 Mors
229 3044 329 3099 tamen
341 3040 488 3099 inclusum
500 3041 647 3118 protrahit
659 3042 729 3099 inde
743 3044 840 3117 caput.
929 3031 934 3041 ’

99 3138 189 3198 Nirea
201 3159 261 3197 non
274 3138 372 3211 facies,
390 3160 449 3198 non
462 3141 508 3198 vis
522 3141 629 3199 exemit
643 3139 798 3209 Achillem,

138 3237 275 3297 Croesum
290 3240 342 3296 aut
354 3238 466 3297 Pactoli
480 3259 553 3314 quas
566 3238 643 3314 parit
656 3257 740 3296 umor
754 3256 830 3314 opes.

99 3335 158 3396 Hic
172 3336 242 3396 olim
255 3336 371 3412 ignaros
384 3338 483 3397 luctus
496 3337 650 3413 populavit
663 3336 801 3409 Achivos,

460 3444 463 3449 ’
492 3441 547 3493 na
568 3436 587 3474 ἦ
