2122 3728
180 235 216 287 96
342 229 560 290 PROPERTII
581 227 643 286 DL.
666 228 731 301 III,
750 231 798 286 15.
823 231 870 285 16.

219 388 361 446 credebat
373 388 505 446 dominae
518 405 593 463 pone
605 385 708 444 venire
721 386 821 462 pedes,

180 487 220 545 Et
233 487 338 544 dmum
351 486 478 545 Zethum
491 489 521 544 et
534 483 662 543 lacrimis
675 482 846 560 Amphiona
859 482 970 541 mollem

220 585 353 662 Experta
367 589 411 644 est
424 583 547 643 stabulis
559 586 653 640 mater
667 584 771 641 abacta
785 581 856 640 suis.

180 686 224 743 Ac
237 685 340 756 veluti,
355 705 474 759 magnos
488 703 554 742 cum
566 684 682 758 ponunt
696 700 824 758 aequora
837 683 941 753 motus,

220 784 317 842 Eurus
330 786 385 843 ubc'
396 785 514 857 advepso
528 781 635 840 desinit
647 781 691 838 ire
705 781 794 854 Noto,

181 883 280 942 Litore
294 882 334 941 sic
347 883 437 941 tacito
452 881 562 939 sonitus
575 880 696 939 rarescit
708 881 845 953 harenae,
990 882 1018 934 35

221 982 269 1040 Sic
283 981 360 1040 cadit
373 981 479 1039 inflexo
494 980 575 1055 lapsa
586 979 687 1054 puella
700 998 788 1053 genu.

182 1081 251 1140 Sera
264 1085 362 1138 tamen
375 1079 488 1156 pietas:
510 1077 587 1136 natis
601 1081 645 1135 est
659 1077 796 1151 cognitus
809 1097 899 1136 error.

220 1180 317 1254 Digne
330 1179 411 1236 Iovis
424 1181 508 1237 natos
521 1176 573 1253 qui
586 1179 687 1234 tueare
701 1195 802 1248 senex,

182 1280 227 1338 Tu
240 1278 337 1337 reddis
349 1277 449 1354 pueris
461 1280 591 1347 matrem,
607 1275 751 1351 puerique
765 1275 939 1334 trahendam

221 1377 389 1436 Vinxerunt
401 1375 509 1433 Dircen
523 1375 576 1432 sub
589 1372 681 1431 trucis
694 1392 745 1431 ora
758 1372 852 1433 boris.

182 1475 318 1550 Antiope,
335 1493 472 1548 cognosce
486 1473 605 1530 Iovem:
627 1471 683 1530 tibi
697 1471 791 1546 gloria
804 1472 894 1530 Dirce

221 1573 350 1632 Ducitur
362 1572 394 1629 in
407 1571 508 1630 multis
521 1574 643 1629 mortem
655 1570 795 1629 habitura
808 1570 890 1629 locis.

183 1673 272 1730 Prata
285 1674 477 1729 cruentantur
489 1670 587 1741 Zetho,
602 1669 755 1746 victorque
769 1671 895 1730 canebat

222 1771 337 1828 Paeana
349 1769 497 1845 Amphion
510 1788 590 1844 rupe,
606 1769 786 1844 Aracynthe,
802 1771 866 1826 tua.

184 1869 296 1927 Fabula
309 1869 392 1926 nulla
405 1872 471 1926 tuas
485 1868 520 1925 de
534 1867 617 1925 nobis
631 1867 758 1925 concitet
772 1887 878 1926 aures:
993 1869 1023 1920 45

223 1969 263 2027 Te
278 1969 367 2027 solam
381 1972 411 2026 et
423 1967 513 2043 lignis
525 1967 637 2025 funeris
651 1971 736 2026 ustus
750 1987 856 2026 amem.

576 2163 637 2202 XVI.

182 2264 212 2320 N
213 2284 251 2321 ox
264 2263 367 2336 media,
384 2267 414 2323 et
428 2264 559 2322 dominae
573 2264 645 2322 mihi
657 2264 742 2324 venit
758 2265 887 2341 epistola
898 2268 1013 2324 nostrae.

139 2350 141 2355 ¹
222 2363 329 2421 Tibure
342 2382 388 2420 me
401 2362 489 2420 missa
501 2362 587 2421 iussit
601 2364 697 2421 adesse
711 2383 802 2436 mora,

183 2460 311 2518 Candida
325 2481 383 2536 qua
397 2461 526 2535 geminas
540 2463 697 2520 ostendunt
711 2462 842 2520 culmina
856 2466 961 2533 turres,

220 2560 260 2617 Et
274 2559 351 2617 cadit
363 2559 395 2616 in
408 2560 523 2635 patulos
538 2560 657 2637 lympha
669 2560 786 2618 Aniena
799 2562 892 2619 lacus.

183 2657 261 2720 Quid
274 2656 403 2715 faciam?
424 2659 555 2716 obductis
570 2659 747 2717 committam
760 2679 847 2718 mene
860 2658 986 2718 tenebris
1008 2660 1021 2711 5

222 2756 264 2814 Ut
276 2755 394 2813 timeam
408 2757 529 2814 audaces
541 2757 573 2814 in
587 2777 651 2815 mea
663 2759 793 2815 membra
806 2757 934 2816 manus?

181 2854 224 2911 At
238 2853 262 2910 si
275 2853 346 2911 haec
359 2853 498 2911 distulero
512 2859 610 2914 nostro
623 2857 760 2914 mandata
771 2856 888 2929 timore,

221 2951 371 3009 Noctumo
385 2951 472 3010 fletus
487 2954 598 3012 sacrior
611 2955 694 3012 hoste
707 2954 790 3012 mihi.

181 3052 334 3108 Peccaram
348 3053 444 3122 semel,
461 3057 492 3111 et
504 3056 600 3112 totum
613 3074 677 3112 sum
690 3054 790 3130 pulsus
803 3055 836 3112 in
850 3075 976 3114 annum:

220 3150 259 3207 In
271 3168 317 3206 me
330 3153 495 3208 mansuetas
507 3171 566 3209 non
580 3153 668 3210 habet
680 3151 733 3209 ilia
746 3173 861 3211 manus.
995 3152 1024 3206 10

180 3246 210 3303 N
211 3265 243 3303 ec
252 3250 351 3304 tamen
365 3251 409 3305 est
419 3248 582 3325 quisquam,
599 3269 692 3307 sacros
706 3250 758 3327 qui
771 3251 870 3311 laedat
884 3253 1024 3312 amantes:

161 3340 162 3344 ’
221 3343 347 3403 Scironis
358 3345 453 3404 media
467 3347 507 3406 sic
521 3347 591 3407 licet
604 3348 647 3407 ire
660 3348 717 3408 ria.
