2122 3728
275 242 493 302 PROPERTII
513 243 574 302 ΕΒ.
595 244 649 316 IV,
673 249 700 304 8.
723 235 768 305 9(
894 252 947 304 131

139 400 252 460 Veneat
265 400 431 478 etpedibus
443 401 563 461 vinoula
575 401 645 461 bina
660 401 791 461 trahat.''
915 409 952 461 80

101 498 216 558 Indixit
228 499 333 574 legem.
373 500 521 576 Respondi
535 521 607 576 ego:
632 501 792 576 “Legibus
805 503 903 562 utar.’'

140 597 257 657 Riserat
269 598 390 674 imperio
403 598 483 658 faeta
501 601 626 676 superba
639 600 717 660 dato.

102 695 179 754 Dein
191 716 404 774 quemeumque
419 698 517 757 looum
535 701 674 757 externae
687 697 811 772 tetigere
824 699 950 775 puellae,

143 794 248 867 Sumo,
264 798 296 855 at
307 815 382 872 pura
394 795 498 855 limina
509 795 601 871 tergit
615 815 700 872 aqua,

104 894 234 969 Imperat
246 897 277 954 et
289 898 367 954 totas
379 895 489 954 iterum
501 899 615 954 mutare
627 896 768 967 lacernas,
916 902 952 953 85

142 992 256 1069 Terque
269 1013 367 1052 meum
379 993 481 1067 tetigit
494 993 615 1052 sulfuris
627 993 696 1068 igne
710 998 807 1073 eaput.

104 1092 204 1167 Atque
216 1091 260 1150 ita
272 1095 385 1151 mutato
398 1111 451 1168 per
464 1092 581 1166 singula
592 1092 683 1168 pallia
695 1093 781 1165 leoto,

143 1189 300 1266 Respondi,
316 1194 347 1249 et
360 1192 424 1250 toto
438 1191 577 1250 solvimus
590 1210 669 1249 arma
682 1194 756 1250 toro.

505 1389 550 1431 1x.

103 1499 379 1579 Amphitryoniades
393 1521 452 1578 qua
464 1504 638 1577 tempestate
650 1500 789 1560 iuvenoos

142 1599 251 1673 Egerat
264 1619 281 1658 a
295 1599 426 1672 stabulis,
442 1619 459 1658 o
472 1600 613 1676 Erythea,
628 1599 698 1671 tuis,

102 1697 192 1758 Venit
205 1701 236 1758 et
249 1699 285 1757 ad
297 1701 415 1770 vestros,
430 1718 565 1775 pecorosa
578 1697 701 1770 Palatia,
717 1701 830 1757 montes

141 1796 181 1854 Et
194 1795 299 1856 statuit
311 1796 411 1869 fessos,
426 1797 522 1856 fessus
535 1800 566 1857 et
578 1795 651 1872 ipse,
666 1797 763 1870 boves,

103 1895 168 1960 Qua
181 1895 306 1955 Velabra
319 1915 371 1955 suo
384 1898 559 1971 stagnabant
571 1895 702 1968 flumine,
718 1915 834 1974 quoque
934 1904 950 1954 5

141 1993 172 2053 N
172 1997 241 2052 auta
252 2014 306 2070 per
318 1996 444 2054 urbanas
456 1995 623 2055 velificabat
636 2014 736 2071 aquas.
819 2041 825 2055 .

103 2093 160 2152 Sed
172 2113 232 2152 non
244 2093 334 2152 infido
347 2098 517 2153 manserunt
529 2093 644 2169 hospite
658 2093 732 2152 ano

141 2191 320 2251 Incolumes:
342 2191 423 2252 iurto
436 2192 543 2268 polluit
555 2192 608 2251 ille
621 2192 732 2252 Iovem.

102 2290 169 2348 Inoo
213 2291 304 2350 anus
318 2294 388 2364 erat,
404 2292 559 2350 metuendo
573 2295 673 2367 raptor
686 2292 721 2350 ab
735 2295 828 2362 antro,

141 2291 199 2475 Pii
209 2389 268 2448 tria
280 2390 403 2465 partitos
417 2389 469 2466 qui
482 2391 570 2449 dabat
583 2409 633 2448 ora
646 2409 738 2448 sonos.
914 2396 949 2447 10

99 2487 169 2557 Hie,
185 2507 222 2547 ne
236 2491 315 2548 eerta
326 2488 425 2548 forent
437 2488 607 2548 manifestae
621 2489 704 2563 signa
715 2489 843 2566 rapinae,

141 2587 267 2646 Aversos
280 2588 371 2646 cauda
383 2587 477 2646 traxit
489 2587 522 2646 in
535 2591 619 2647 antra
632 2589 728 2659 boves,

101 2685 131 2744 N
132 2705 164 2744 eo
177 2687 239 2745 sine
251 2689 328 2746 teste
340 2686 413 2745 deo:
434 2686 531 2744 iurem
544 2705 665 2745 sonuere
678 2686 803 2758 iuvenci,

140 2785 228 2844 Furis
242 2789 273 2845 et
284 2784 454 2861 implacidas
467 2785 559 2844 diruit
570 2784 615 2844 ira
627 2784 714 2843 iores.

101 2883 246 2942 Maenalio
258 2884 350 2943 iaouit
362 2884 466 2959 pulsus
478 2884 537 2944 tria
549 2887 680 2958 tempora
693 2901 772 2940 ramo
914 2887 949 2940 15

139 2980 247 3041 anus:
271 2986 300 3041 et
314 2983 433 3041 Alcides
446 2983 487 3041 sio
500 2983 559 3041 ait:
584 2987 603 3015 “
612 2982 661 3040 Ite
674 2982 770 3052 boves,

98 3079 236 3138 Herouh's
249 3081 291 3139 ite
304 3083 400 3152 boves,
416 3084 531 3140 nostrae
544 3080 627 3139 labor
639 3078 744 3137 ultime
758 3078 865 3149 clavae,

140 3179 191 3238 Bis
204 3181 278 3238 mihi
292 3179 449 3256 quaesitae,
465 3180 510 3239 bis
523 3199 587 3239 mea
599 3178 714 3255 praeda,
730 3178 826 3250 boves,

102 3281 240 3356 Arvaque
253 3279 370 3354 mugitu
385 3280 494 3339 sancite
506 3279 608 3340 boaria
617 3278 731 3352 ionga:

127 3376 235 3436 Nobile
249 3379 307 3440 erit
320 3379 434 3442 Romae
447 3401 566 3460 pasena
577 3381 686 3441 restra
694 3371 829 3434 iorum?

519 3489 584 3543 na

954 3366 1000 3410 ‘m
