2122 3728
255 244 473 303 PROPERTII
493 245 554 303 EL.
570 245 596 316 I,
615 243 660 302 17.
679 250 724 302 18.
877 251 912 304 21

66 401 97 460 si
111 401 226 478 quando
239 405 351 462 vestras
362 404 464 462 labens
477 403 568 459 Amor
580 401 681 477 attigit
694 402 796 475 undas,

103 501 266 560 Mansuetis
280 501 355 560 socio
368 500 639 576 parciteiitcribus.

442 697 530 736 XVIII.

65 797 147 855 Haec
160 801 238 856 certe
250 797 367 872 deserta
378 797 442 855 loca
455 799 485 855 et
498 795 645 855 taciturna
658 779 802 872 fluerenti,

106 898 144 956 Et
157 917 282 957 vacuum
295 896 424 974 Zephyri
436 896 565 972 possidet
578 915 648 955 aura
660 915 772 954 nemus.

66 996 125 1055 Hic
137 996 207 1055 licet
220 997 348 1056 occultos
360 996 488 1073 proferre
501 995 611 1070 inpune
624 994 745 1066 dolores,

106 1094 138 1154 si
151 1095 234 1154 modo
247 1095 308 1162 sola
321 1098 431 1171 queant
445 1114 515 1170 sarra
527 1098 627 1153 tenere
640 1093 736 1152 fidem.

66 1192 150 1251 Unde
162 1198 230 1252 tuos
242 1194 369 1270 primum
381 1197 520 1270 repetam,
535 1213 600 1252 mea
614 1193 750 1270 Cynthia,
765 1192 881 1264 fastus?
896 1198 913 1250 5

106 1291 190 1356 Quod
202 1293 276 1351 mihi
288 1294 340 1352 das
352 1293 450 1376 flendi,
468 1293 604 1370 Cynthia,
619 1291 819 1368 principium?

66 1389 125 1454 Qui
136 1391 220 1450 modo
232 1391 332 1450 felices
344 1392 422 1451 inter
433 1392 606 1469 numerabar
616 1375 756 1461 amantes,

105 1489 135 1547 N
134 1509 192 1549 unc
204 1490 237 1548 in
250 1510 344 1571 amore
357 1495 409 1550 tuo
424 1510 509 1566 cogor
521 1491 627 1548 habere
640 1491 749 1547 notam.

66 1587 145 1652 Quid
156 1591 273 1648 tantum
286 1589 403 1648 merui?
424 1608 499 1666 quae
512 1592 542 1647 te
552 1587 625 1646 mihi
639 1586 914 1655 carminamutant?

105 1687 154 1744 An
167 1706 243 1756 nova
254 1687 392 1748 tristitiae
406 1708 492 1748 causa
504 1689 604 1764 puella
616 1687 709 1746 tuae?
879 1690 913 1742 10

67 1784 115 1843 Sic
128 1784 202 1853 mihi
213 1789 245 1845 te
257 1786 375 1862 referas,
390 1787 474 1857 levis,
489 1790 525 1846 ut
538 1806 597 1845 nen
610 1786 703 1844 altera
715 1787 813 1843 nestro

105 1883 218 1943 Limine
231 1884 370 1944 formosos
382 1885 488 1945 intulit
499 1885 563 1943 ulla
575 1884 671 1960 pedes.

59 1981 205 2046 'Quamvis
217 1984 314 2052 multa
324 1970 381 2044 tibi
392 1984 474 2043 dolor
485 1983 534 2042 hic
547 2002 628 2043 meus
641 2002 742 2058 aspera
755 1982 850 2052 debet,

105 2082 135 2141 N
136 2101 173 2140 on
185 2083 228 2141 ita
241 2103 327 2143 saeva
341 2087 441 2144 tamen
453 2085 566 2144 venerit
578 2084 623 2143 ira
635 2103 709 2156 mea,

66 2180 109 2239 Ut
121 2179 177 2239 tibi
191 2180 245 2239 sim
257 2182 361 2242 merite
375 2202 487 2259 semper
497 2182 580 2241 furor
593 2185 623 2242 et
635 2186 689 2258 tua
700 2181 795 2241 flendo
879 2185 913 2237 15

104 2278 230 2355 Lumina
242 2280 363 2343 deiectis
375 2281 475 2362 turpia
487 2281 546 2340 sint
558 2280 694 2354 lacrimis.

66 2377 115 2434 An
128 2377 198 2454 quia
209 2397 300 2455 parva
312 2379 414 2438 damus
427 2383 540 2439 mutato
554 2379 637 2454 signa
650 2379 753 2451 colore,

105 2476 146 2535 Et
157 2495 217 2535 non
228 2477 292 2535 ulla
304 2496 367 2536 mec
380 2478 487 2538 clamat
498 2477 531 2534 in
544 2496 592 2546 ere
605 2476 699 2536 fides?

66 2573 126 2631 Vos
139 2574 221 2633 eritis
233 2579 332 2649 testes,
349 2577 374 2634 si
387 2596 460 2653 quos
472 2577 562 2636 habet
575 2577 660 2636 arbor
673 2595 792 2648 emeres,

105 2674 203 2752 Fagus
216 2678 247 2734 et
259 2675 383 2734 Arcadio
395 2676 483 2752 pinus
496 2675 587 2735 amica
599 2676 662 2735 dec.
877 2679 915 2730 20

67 2772 117 2830 Ah
130 2773 264 2849 quotiens
278 2777 388 2833 vestras
400 2777 538 2833 resonant
550 2774 710 2832 meaverba
720 2779 774 2833 sub
788 2773 913 2842 umbras,

107 2870 250 2931 Scribitrir
264 2876 294 2930 et
306 2871 415 2932 teneris
429 2871 557 2949 Cynthia
570 2871 744 2930 corticibus!

67 2969 116 3026 An
128 2972 182 3029 tua
194 2969 273 3053 quod
285 2970 399 3046 peperit
411 2970 494 3030 nobis
507 2969 614 3028 iniuria
626 2989 718 3041 curas,
751 2971 755 2978 '

107 3068 187 3134 Quae
201 3069 295 3128 solum
307 3069 405 3128 tacitis
418 3068 534 3144 cognita
546 3071 616 3128 sunt
627 3068 761 3126 foribus?

67 3168 171 3250 Omnia
184 3168 322 3228 consuevi
334 3167 454 3228 timidus
467 3167 594 3244 perferre
608 3168 747 3242 superbae
879 3169 915 3221 25

105 3257 198 3339 Iussa,
213 3285 310 3343 neque
324 3271 427 3340 arguto
439 3266 504 3325 iata
515 3265 614 3324 delore
628 3265 720 3341 queri.

68 3363 124 3422 Pro
137 3384 204 3442 quo,
220 3364 314 3425 divini
326 3364 431 3438 fontes,
447 3368 477 3424 et
490 3363 597 3438 frigida
609 3382 696 3439 rupes
