2122 3728
102 223 158 278 116
297 220 516 279 PROPERTII
537 218 598 277 ΕΒ.
614 218 670 291 Π,
688 223 716 277 3.
733 223 763 276 4.

139 377 361 455 crystallusque
374 398 453 453 meas
466 380 551 436 ornet
564 397 674 454 aquosa
687 377 820 437 manus?

99 477 204 536 Omnia
218 479 305 536 surda
317 481 426 559 tacent,
442 477 574 554 rarisque
589 477 713 536 adsueta
725 476 862 536 kalendis

137 577 199 634 Vix
212 576 307 653 aperit
320 577 432 635 clausos
445 595 505 634 una
518 576 620 652 puella
632 576 734 634 Lares.
975 646 982 668 .

98 675 254 734 Glauoidos
263 677 293 734 et
304 675 417 733 catulae
427 694 486 733 vox
497 677 541 732 est
554 674 629 731 mihi
640 678 725 749 grata
734 676 887 752 querentis
898 698 904 734 ε
916 680 947 733 55

138 775 198 832 Illa
211 774 257 833 tui
270 777 385 850 partem
397 773 529 832 vindieat
541 793 602 831 una
615 777 690 832 toro.

98 874 185 932 Flore
199 874 305 932 sacella
317 876 394 947 tego,
410 872 544 931 verbenis
558 873 686 949 compita
700 876 777 946 velo,

137 973 178 1030 nt
192 975 290 1048 erepat
304 973 341 1030 ad
354 975 466 1031 veteres
479 972 570 1030 herba
584 972 694 1030 Sabina
706 973 799 1034 loeas.
823 1001 825 1006 ·
883 1026 885 1030 .

98 1071 166 1130 Sive
179 1071 211 1128 in
224 1071 349 1129 finitimo
364 1071 476 1145 gemuit
490 1073 570 1128 stans
583 1074 692 1129 noctua
706 1071 802 1147 tigno,

140 1171 198 1228 Seu
211 1170 307 1228 voluit
320 1169 403 1244 tangi
415 1188 503 1246 parea
515 1169 638 1227 lucerna
651 1189 742 1243 mero,
784 1193 789 1202 ¹
918 1177 950 1229 60

98 1270 158 1326 Illa
171 1269 232 1327 dies
245 1268 343 1327 hornis
357 1269 472 1327 eaedem
486 1269 643 1328 denuntiat
656 1270 751 1344 agnis,

140 1368 348 1445 Sueeinote'que
363 1368 458 1426 calent
472 1368 508 1425 ad
521 1387 598 1425 nova
608 1368 692 1426 luera
704 1388 810 1445 popae.

98 1467 128 1526 N
129 1487 154 1538 e,
169 1486 278 1543 precor,
296 1465 421 1524 ascensis
434 1465 512 1523 tanti
526 1465 564 1523 sit
579 1466 673 1540 gloria
686 1467 814 1542 Bactris,

138 1567 272 1641 Raptave
286 1567 403 1624 odorato
418 1565 537 1622 carbasa
549 1564 612 1641 lina
624 1565 703 1638 duoi,

98 1664 240 1736 Plumbea
254 1684 320 1722 eum
334 1666 428 1721 tortae
442 1666 621 1738 sparguntur
634 1665 767 1739 pondera
778 1666 896 1742 fundae,
918 1671 951 1723 65

141 1762 286 1822 Subdolus
301 1765 331 1820 et
344 1760 436 1820 versis
449 1760 581 1837 increpat
595 1781 681 1821 arens
695 1764 791 1841 equis.

100 1862 166 1932 Sed,
182 1866 235 1920 tua
249 1861 289 1918 sio
302 1860 419 1919 domitis
432 1860 557 1918 Parthae
570 1861 688 1920 telluris
702 1863 833 1923 alumnis

138 1961 216 2018 Pura
228 1958 439 2035 triumphantis
451 1959 537 2017 hasta
550 1964 693 2036 sequatur
707 1981 809 2039 equos,

99 2061 275 2133 Incorrupta
287 2058 345 2115 mei
359 2077 497 2116 conserva
509 2057 626 2117 foedera
639 2060 720 2118 laeti.

138 2159 204 2215 Hae
218 2176 270 2231 ego
284 2161 314 2214 te
329 2158 390 2214 sola
403 2157 468 2231 lege
482 2158 589 2216 redisse
603 2158 703 2218 velim.
920 2164 954 2221 70

99 2260 248 2332 Armaque
261 2275 328 2313 eum
341 2256 436 2314 tulero
449 2261 549 2332 portae
562 2257 663 2316 votiva
677 2257 824 2334 Capenae,

142 2355 344 2413 Subseribam:
371 2361 390 2387 “
402 2356 489 2414 Salvo
504 2360 588 2430 grata
600 2357 703 2432 puella
716 2357 816 2417 viro.’'

507 2551 547 2590 IV.

100 2650 256 2726 Tarpeium
268 2669 371 2708 nemus
386 2654 415 2709 et
429 2650 568 2726 Tarpeiae
581 2653 668 2726 turpe
682 2652 857 2728 sepulcrum

139 2749 234 2807 Faber
248 2753 278 2806 et
292 2748 408 2824 antiqui
421 2748 524 2806 limina
538 2752 622 2825 capta
635 2748 726 2809 Iovis.

99 2849 197 2906 Lucus
212 2851 274 2905 erat
286 2846 361 2904 felix
374 2846 512 2904 hederoso
527 2846 654 2907 consitus
668 2851 763 2921 antro,

138 2947 295 3022 Multaque
308 2944 417 3002 nativis
431 2945 572 3021 obstrepit
585 2948 670 3004 arbor
683 2948 789 3023 aquis:

101 3045 214 3104 Silvani
227 3055 339 3102 ramosa
351 3044 462 3114 domus,
480 3063 538 3119 quo
552 3043 646 3102 duleis
660 3046 696 3104 ab
710 3050 796 3106 aestu
940 3056 956 3109 ὅ

139 3144 256 3202 Fistula
268 3146 387 3218 poturas
400 3141 443 3200 ire
456 3143 577 3202 iubebat
591 3163 668 3202 oves.

98 3242 188 3299 Hune
202 3242 305 3299 'latius
318 3241 523 3313 iontem,vallo
537 3241 701 3318 praecingit
715 3262 833 3320 acerno,

137 3340 269 3416 Fidaque
284 3343 420 3414 suggesta
434 3343 528 3398 eastra
542 3343 659 3400 coronat
671 3341 771 3400 humo.
