2122 3728
134 233 172 287 20
317 226 536 286 Processu
556 225 616 284 uu.
638 226 665 299 1,
685 225 794 284 16.17.

173 387 213 443 Et
227 384 380 444 matutinis
393 384 536 460 obstrepit
549 383 679 442 alitibus.

135 484 181 544 Sic
196 503 247 558 ego
261 502 341 542 nunc
355 483 487 541 dominae
500 481 581 541 vitiis
594 485 624 540 et
638 501 751 557 semper
764 481 895 541 amantis

172 582 306 642 Fletibus
320 586 437 640 aeterna
450 580 575 656 da'jleror
587 579 709 641 invidia.
736 598 740 603 ’

521 777 596 815 XVII.

133 878 173 937 Et
185 877 298 947 merito,
315 876 451 953 quoniam
464 876 547 952 potui
560 876 670 951 fugisse
683 877 831 953 puellam!

172 976 202 1034 N
202 995 260 1034 unc
274 994 326 1050 ego
339 974 468 1034 desertas
482 975 615 1051 alloquor
628 976 773 1053 alcyones.

133 1075 163 1133 N
163 1093 195 1133 ec
208 1073 281 1132 mihi
295 1073 429 1149 Cassiope
443 1072 527 1131 solito
541 1073 640 1132 visura
654 1074 809 1133 carinamet

173 1173 282 1255 Omine,
297 1177 324 1230 et
336 1172 451 1245 ingrato
464 1170 552 1229 litore
565 1174 635 1244 vqts
647 1172 764 1232 cadunt.

134 1271 314 1336 Quinetiam
328 1268 441 1329 absenti
454 1274 577 1345 prosunt
588 1271 653 1342 tibi,
670 1272 806 1349 Cynthia,
822 1274 927 1348 venti:
971 1282 989 1333 5

172 1369 287 1445 Aspice,
304 1388 390 1445 quam
405 1387 505 1427 saevas
517 1369 649 1445 increpat
663 1389 734 1429 aura
746 1371 857 1430 minas!

133 1468 262 1526 Nullane
276 1468 407 1543 placatae
420 1465 520 1524 veniet
532 1466 653 1525 fortuna
664 1468 834 1543 procellae?

172 1565 318 1625 Haeccine
331 1583 422 1640 parve
433 1583 531 1622 meum
544 1564 634 1622 funus
647 1566 756 1625 harena
767 1568 875 1642 teget?

133 1665 178 1724 Tu
191 1670 290 1724 tamen
299 1664 331 1722 in
344 1662 449 1721 melius
462 1683 562 1722 saevas
576 1668 710 1724 converte
724 1666 890 1741 querellas:

174 1763 227 1822 Sat
239 1761 295 1821 tibi
309 1760 347 1820 sit
359 1779 469 1836 poenae
482 1780 542 1819 nox
556 1764 587 1820 et
599 1761 702 1838 iniqua
714 1763 797 1823 vada.
951 1772 987 1825 10

133 1862 181 1920 An
193 1860 302 1937 poteris
316 1858 398 1935 siccis
410 1878 475 1930 mea
487 1858 550 1917 fata
562 1879 700 1935 reponere
714 1860 821 1934 ocellis,

172 1958 397 2035 Ossaquenulla
410 1960 462 2016 tuo
475 1961 575 2016 nostra
587 1961 687 2018 tenere
702 1959 793 2018 sinu?

133 2060 181 2116 Ah
194 2061 303 2134 pereat,
320 2057 495 2134 quicumque
508 2060 585 2116 rates
599 2061 630 2116 et
642 2058 708 2116 vela
720 2058 835 2134 paravit

171 2157 286 2214 Primus
300 2159 330 2215 et
341 2154 435 2213 invito
450 2155 566 2230 gurgite
578 2154 651 2215 lecit
663 2155 729 2215 iter.

132 2255 162 2313 N
162 2275 237 2313 orme
249 2253 309 2313 luit
321 2253 416 2313 levius
429 2253 560 2312 dominae
573 2254 741 2330 pervincere
754 2275 848 2316 mores
948 2264 983 2317 15

171 2351 325 2430 (Quamvis
337 2351 419 2422 dura,
434 2354 534 2410 tamen
546 2371 612 2410 rara
624 2353 724 2428 puella
736 2352 818 2431 fuit),

133 2452 227 2517 Quam
240 2451 280 2527 sic
293 2449 401 2524 ignotis
416 2449 593 2508 circumdata
605 2450 692 2510 litora
706 2451 788 2510 silvis

171 2550 294 2608 Cernere
308 2553 339 2607 et
352 2551 466 2624 optatos
479 2567 617 2624 quaerere
630 2550 832 2628 Tyndaridas?

59 2719 65 2727 η
131 2647 199 2718 Illic
213 2647 238 2705 si
251 2666 310 2724 qua
322 2666 419 2706 meum
433 2647 604 2722 sepelissent
615 2648 678 2707 fata
690 2649 826 2722 dolorem,

170 2745 301 2804 Ultimus
315 2747 345 2803 et
357 2744 451 2820 posito
465 2748 557 2804 staret
568 2766 664 2805 amore
676 2747 760 2823 lapis,
943 2755 981 2807 20

131 2844 191 2902 Illa
203 2861 266 2902 meo
280 2861 360 2901 caros
372 2842 507 2901 donasset
519 2842 622 2903 funere
636 2843 738 2917 crines,

170 2940 302 2999 Molliter
314 2944 345 2998 et
356 2919 457 2998 tenera'
469 2945 667 3015 poneretossa
678 2929 760 3001 rosa:

130 3040 190 3098 Illa
201 3058 299 3098 meum
312 3041 442 3097 extremo
456 3038 608 3109 clamasset
619 3041 740 3117 pulvere
753 3061 867 3115 nomen,

170 3139 212 3198 Ut
224 3138 296 3198 mihi
309 3155 368 3196 non
380 3132 442 3196 ullo
455 3137 580 3213 pondere
593 3143 672 3198 terra
684 3140 769 3201 toret.

130 3240 171 3296 at
184 3257 235 3296 vos
248 3254 405 3312 aequoreae
417 3235 542 3294 formosa
554 3237 661 3297 Doride
673 3243 768 3310 natae,
941 3246 979 3299 25

170 3334 298 3393 Candida
306 3333 386 3393 ieliei
400 3333 502 3393 solvite
516 3335 582 3394 vela
595 3336 699 3395 choro:
