2122 3728
58 158 62 171 '
99 238 104 249 .
131 194 167 246 34
318 187 537 247 raorrarn
557 187 618 247 uu.
640 188 683 260 n,
707 193 734 245 a.
758 187 785 246 7.

169 346 198 404 N
199 345 385 423 equitiaeque
400 365 468 404 suae
481 345 578 404 noluit
592 365 653 405 esse
666 345 762 404 rudes.
947 350 983 402 30

129 445 178 502 Ah
192 446 296 518 gemat,
313 445 445 503 interris
458 444 516 503 ista
530 443 583 520 qui
595 443 721 520 protulit
734 446 797 502 arte

174 542 263 616 Orgia
277 544 331 601 sub
345 542 437 601 tacita
451 541 569 600 condita
582 541 706 601 laetitia.

129 642 196 700 Non
209 642 274 700 istis
285 642 361 699 elim
373 642 528 701 variabant
540 644 620 700 teuta
633 641 756 716 figuris:

168 741 243 798 Tum
256 740 352 817 paries
365 740 448 798 nullo
462 739 582 798 erimine
595 741 693 816 pietus
706 742 778 799 erat.

129 839 186 897 Sed
198 858 257 896 nen
271 838 541 898 immeritovelavit
555 838 782 913 araneafanum,
943 845 978 896 35

167 938 207 996 Et
220 938 297 995 mals
309 938 437 996 desertos
451 941 574 1013 occupat
586 938 677 996 herba
691 938 768 996 deos.

129 1037 207 1102 Quos
219 1036 312 1111 igitur
325 1036 382 1094 tibi
395 1035 536 1106 custodes,
553 1054 628 1111 quae
642 1035 745 1094 limina
757 1055 871 1112 ponam,

168 1136 249 1200 Quae
262 1154 422 1211 numquam
435 1154 523 1210 supra
535 1153 586 1210 pes
599 1134 736 1193 inimicus
749 1133 822 1193 eat?

128 1234 157 1292 N
158 1254 203 1292 am
217 1233 293 1291 nihil
305 1233 417 1292 invitae
430 1232 524 1291 tristis
538 1233 670 1291 custodia
681 1232 818 1309 prodestz

168 1333 262 1397 Quam
274 1350 393 1408 peceare
406 1332 506 1408 pudet,
523 1331 660 1408 Cynthia,
676 1335 743 1390 tuta
756 1334 801 1390 sat
814 1335 868 1390 est.
942 1336 979 1389 40

128 1430 188 1488 Nos
201 1450 277 1488 uxor
289 1449 458 1506 numquam,
474 1448 636 1505 numquam
648 1449 695 1488 me
708 1430 797 1488 ducet
811 1429 919 1488 amisa:

169 1528 287 1603 Semper
300 1528 392 1586 amica
405 1527 487 1599 mihi,
504 1547 617 1603 semper
630 1531 661 1586 et
674 1546 748 1587 uxor
761 1528 828 1586 eris.

532 1724 588 1765 VII.

129 1823 236 1882 Gavisa
249 1828 294 1883 est
307 1828 385 1883 certe
399 1824 544 1882 sublatam
558 1822 687 1899 Cynthia
699 1824 803 1898 legem,

169 1923 234 1988 Qua
247 1923 391 1999 quendam
406 1922 501 1981 edicta
505 1922 616 1999 flemus
629 1927 754 2000 uterque
767 1924 828 1993 diu,

127 2022 167 2078 Ni
180 2041 233 2079 nos
246 2021 398 2080 divideret.
416 2020 556 2085 Quamvis
570 2020 705 2080 diducere
719 2025 849 2081 amantes

168 2120 235 2177 Non
250 2123 339 2195 queat
352 2119 461 2178 invites
475 2119 611 2196 Iuppiter
623 2121 686 2196 ipse
700 2123 781 2180 duos.

128 2218 170 2275 At
179 2237 302 2292 magnus
310 2217 422 2276 Caesar.
439 2218 626 2293 Sedmagnus
635 2219 891 2279 Gaesarinarmis:
960 2225 977 2275 5

168 2316 307 2374 Devictae
322 2320 422 2389 gentes
436 2316 479 2374 nil
491 2316 523 2373 in
537 2336 632 2376 amore
645 2319 754 2377 valent.

131 2416 207 2473 Nam
221 2415 308 2473 eitius
318 2419 435 2489 paterer
448 2419 537 2491 eaput
549 2416 604 2473 hoe
618 2416 764 2476 discedere
778 2418 862 2490 eollo,

169 2513 263 2578 Quam
277 2532 390 2588 possem
402 2517 511 2589 nuptae
525 2516 645 2590 perdere
658 2535 753 2601 amore
766 2514 852 2586 faces,

130 2612 193 2670 Aut
207 2632 259 2686 ego
272 2611 426 2670 transirem
439 2614 492 2677 tua
504 2611 606 2670 limina
619 2614 717 2671 elausa
730 2614 861 2684 maritus,

170 2711 338 2786 Respieiens
351 2709 417 2768 udis
430 2709 544 2784 prodita
556 2710 727 2769 luminibus.
945 2716 978 2767 10

130 2810 180 2866 Ah
193 2813 333 2868 meatum
348 2809 443 2885 qualis
456 2812 573 2866 caneret
586 2809 642 2866 tibi
655 2809 736 2878 tibia,
750 2830 871 2882 somnos²

171 2909 263 2980 Tibia,
279 2908 396 2966 funesta
410 2907 523 2965 tristior
536 2907 590 2964 illa
602 2908 691 2966 tuba!

131 3008 215 3066 Unde
228 3007 301 3065 mihi
313 3007 417 3083 patriis
429 3008 513 3064 natos
525 3007 662 3081 praebere
676 2987 856 3084 triumphis?

170 3108 278 3166 Nullus
292 3108 327 3164 de
339 3108 438 3165 nostro
452 3105 594 3179 sanguine
607 3106 692 3164 miles
706 3107 772 3167 erit.
870 3124 873 3131 '

130 3206 214 3271 Quod
228 3208 252 3263 si
265 3224 334 3263 vera
347 3224 426 3261 meae
441 3203 606 3262 comitarent
623 3209 717 3263 eastra
730 3206 855 3281 puellae,
945 3210 978 3263 15

164 3304 197 3361 N
196 3323 231 3361 on
245 3303 318 3363 mihi
331 3306 378 3362 sat
390 3321 515 3379 magnus
528 3301 656 3362 Castoris
667 3302 727 3362 iret
739 3324 844 3380 aquus.
