2122 3728
280 201 497 260 PROPERTII
518 201 578 260 EL.
600 203 644 275 II,
668 207 715 261 20.
731 207 779 263 21.
918 210 952 263 51

138 360 261 420 Possum
275 380 328 436 ego
341 363 463 419 naturae
476 379 535 419 non
548 359 714 423 meminisse
726 361 821 420 tuae?

100 461 175 520 Tum
187 481 235 521 me
248 463 298 521 vel
311 461 439 538 tragicae
452 462 568 521 vexetis
581 463 715 538 Erinyes,
731 466 762 522 et
775 483 821 522 me

138 560 260 620 Inierno
273 560 399 633 damnes,
414 562 519 633 Aeaee,
534 560 651 634 iudicio,
914 569 951 620 30

100 660 201 736 Atque
213 659 292 718 inter
305 659 387 736 Tityi
399 660 533 719 volucres
545 680 611 719 mea
622 680 717 738 poena
729 663 862 736 vagetur,

140 759 274 835 Tumque
288 777 341 832 ego
355 757 492 834 Sisyphio
506 778 577 817 saxa
589 759 688 818 labore
701 779 809 835 geram.

101 858 163 917 Nec
175 860 210 916 tu
224 856 405 934 supplicibus
417 877 463 915 me
478 857 517 916 sis
530 861 669 917 venerata
681 857 817 917 tabellis:

139 955 252 1016 Ultima
264 955 334 1014 talis
347 954 404 1014 erit
418 975 493 1032 quae
506 975 571 1015 mea
583 956 677 1032 prima
690 957 771 1016 fides.

101 1055 166 1113 Hoc
179 1054 252 1112 mihi
266 1058 407 1130 perpetuo
420 1054 467 1113 ius
481 1057 533 1126 est,
550 1055 629 1131 quod
642 1056 721 1114 solus
734 1057 845 1116 amator
914 1061 951 1114 35

139 1154 170 1212 N
170 1173 201 1212 ec
215 1153 274 1212 cito
287 1153 404 1224 desisto,
419 1172 473 1211 nec
486 1156 596 1212 temere
609 1153 726 1230 incipio.

495 1350 558 1388 xxi.

101 1452 151 1509 Ah
163 1453 309 1528 quantum
322 1450 358 1509 de
371 1469 418 1508 me
431 1449 540 1508 Panthi
553 1449 610 1509 tibi
622 1449 730 1527 pagina
742 1452 841 1524 fiuxit,

140 1550 268 1608 'lautum
281 1548 328 1607 illi
340 1549 455 1607 Pantho
468 1567 506 1607 ne
520 1548 559 1607 sit
572 1548 665 1607 amica
677 1549 796 1608 Venus!

103 1649 160 1708 Sed
172 1648 228 1708 tibi
240 1648 299 1707 iam
312 1648 413 1706 videor
425 1648 547 1706 Dodona
559 1648 656 1708 verior
668 1649 787 1724 augur?

141 1748 271 1806 Uxorem
283 1745 336 1805 ille
349 1735 420 1805 tuus
433 1747 557 1822 pulcher
572 1750 685 1806 amator
697 1749 797 1807 habet.

102 1848 158 1907 'lot
170 1850 270 1906 noctes
283 1845 404 1924 periere.
425 1845 503 1904 nihil
514 1845 631 1923 pudet?
651 1845 756 1922 aspice,
773 1850 872 1906 cantat
935 1852 951 1905 5

141 1947 247 2007 Liber:
271 1949 306 2005 tu
318 1945 444 2004 nimium
457 1946 576 2004 credula
589 1945 650 2004 sola
662 1945 748 2004 iaces.

102 2047 143 2105 Et
155 2065 234 2105 nunc
246 2045 325 2104 inter
338 2064 387 2104 eos
399 2048 435 2104 tu
447 2064 540 2104 sermo
555 2064 605 2103 es:
626 2047 657 2102 te
670 2044 722 2102 ille
736 2046 878 2121 superbus

141 2144 222 2204 Dicit
235 2164 266 2203 se
278 2143 373 2203 invito
387 2162 471 2219 saepe
483 2143 575 2202 luisse
589 2143 677 2201 domi,

102 2243 280 2320 Dispeream‚
297 2242 322 2302 si
335 2242 493 2320 quiequam
506 2242 587 2301 aliud
600 2262 689 2319 quam
702 2243 795 2318 gloria
808 2243 845 2302 de
857 2247 888 2302 te

142 2342 321 2408 Quaeritur:
342 2343 396 2400 has
408 2341 510 2400 laudes
523 2341 575 2400 ille
588 2340 711 2400 maritus
724 2343 821 2402 habet.
919 2348 954 2401 10

103 2441 242 2500 Colchida
255 2440 296 2500 sic
308 2441 413 2517 hospes
427 2441 573 2517 quondam
587 2440 702 2517 decepit
714 2442 821 2501 Iason:

142 2539 244 2599 Electa
257 2543 311 2612 est,
326 2540 424 2600 tenuit
436 2559 563 2617 namque
577 2540 686 2599 creusa
698 2540 820 2599 domum.

107 2637 154 2698 Sia
167 2659 185 2697 a
197 2638 335 2698 Dulichio
348 2638 455 2698 iuvene
469 2641 513 2698 est
526 2639 609 2697 elusa
622 2638 746 2714 Calypso
759 2660 766 2697 :

144 2737 226 2797 Vidit
240 2741 397 2796 amatorem
410 2737 537 2814 pandere
550 2737 617 2796 vela
630 2756 725 2795 suum.

104 2836 155 2894 Ah
166 2835 290 2895 nimium
303 2835 405 2895 faciles
418 2855 517 2896 aurem
530 2837 669 2913 praebere
681 2836 807 2912 puellae,
920 2838 954 2891 15

142 2935 254 2995 Discite
267 2936 398 2994 desertae
410 2954 470 2994 nou
483 2938 592 2994 temere
606 2953 668 2993 esse
681 2935 782 2992 bonae.

104 3035 184 3095 Huic
195 3054 322 3112 quoque,
333 3033 386 3112 qui
395 3022 496 3107 restat,
507 3032 690 3109 iampridem
700 3031 853 3109 quaeritur
863 3030 937 3088 altor
948 3053 954 3088 :

143 3135 275 3212 Experta
288 3133 320 3192 in
332 3133 436 3210 primo,
453 3134 555 3205 stulta,
572 3150 673 3190 cavere
686 3134 779 3208 potes.

105 3232 135 3290 N
135 3252 167 3291 os
180 3251 364 3310 quocumque
377 3233 449 3304 loco,
466 3251 519 3291 uos
533 3229 612 3290 omni
624 3231 756 3306 tempore
768 3231 870 3288 tecum

146 3331 214 3391 Sive
226 3350 314 3407 aegra
325 3330 440 3409 pariter
453 3330 517 3394 sive
530 3330 657 3392 valente
670 3347 789 3391 sumus.
949 3325 996 3374 ‘N

515 3441 573 3496 ΕΞ
