2122 3728
157 237 194 290 aa
351 231 568 291 rnonnnrn
587 230 807 304 curura

156 391 290 449 Matrona
302 390 412 449 incedit
424 410 528 448 census
540 389 644 447 induta
656 393 808 464 nepotum,

195 490 235 547 Et
249 488 339 565 spolie
352 488 496 564 obprobrii
509 492 607 546 nostra
618 507 671 562 per
684 506 735 545 ora
747 488 853 546 trabit.

156 588 248 646 Nulla
262 591 305 646 est
318 587 463 662 poscendi,
479 588 562 644 nulla
575 590 619 644 est
632 586 799 644 reverentia
812 587 920 646 dandi:

195 687 259 745 Aut
273 686 298 744 si
311 705 370 763 qua
383 689 436 755 est,
452 686 544 762 pretio
557 684 674 743 tollitur
686 684 752 760 ipsa
764 704 856 744 mora.

158 786 244 845 Felix
258 785 327 843 Eois
340 785 391 843 lex
403 784 515 842 funeris
528 803 588 841 nna
599 782 721 855 maritis,
973 788 1003 841 15

197 885 276 948 Quos
289 885 403 941 Aurora
415 883 476 940 suis
489 883 577 940 rubra
590 881 699 938 colorat
712 881 808 957 equis.

157 983 291 1059 Namque
305 982 357 1040 ubi
370 981 518 1039 mortifero
531 979 607 1037 iacta
620 984 664 1037 est
676 978 729 1036 fax
743 981 852 1039 ultima
863 982 950 1053 lecto,

197 1084 330 1141 Uxorum
342 1080 417 1139 fusis
431 1083 489 1138 stat
501 1079 550 1155 pia
562 1079 649 1136 turbe
662 1079 761 1151 comis,

158 1184 198 1241 Et
212 1185 359 1240 certarnen
371 1181 481 1238 habent
493 1179 556 1250 leti,
572 1198 646 1254 quae
658 1177 728 1236 viva
742 1184 886 1256 sequatur

198 1281 389 1377 Coniugiqm:
411 1280 504 1356 pudor
517 1281 562 1337 est
574 1298 632 1336 non
644 1278 763 1337 licuisse
775 1280 862 1339 mori.
971 1285 1003 1338 20

163 1381 295 1439 Gaudent
307 1379 434 1472 vibices,
451 1382 482 1437 et
494 1378 625 1436 flammae
638 1381 757 1453 pectora
769 1381 924 1454 praebent,

198 1479 408 1555 Inpcnuntque
424 1478 484 1535 suis
498 1497 547 1535 ora
559 1480 677 1552 perusta
689 1476 771 1534 viris.

159 1577 225 1635 Hoc
239 1596 330 1650 genus
343 1576 467 1634 infidum
479 1579 645 1651 nuptarum,
661 1575 709 1632 bic
723 1575 809 1634 nulla
822 1579 925 1652 puelle

199 1677 229 1734 N
230 1696 261 1735 cc
274 1677 333 1733 fida
347 1676 466 1734 Euadne
480 1695 534 1732 nec
547 1675 596 1750 pia
608 1674 762 1749 Penelope.

160 1775 247 1833 Felix
261 1776 407 1848 agrestum
421 1773 566 1850 quondam
579 1775 681 1847 pacata
693 1771 845 1848 iuventus,
973 1780 1004 1832 25

200 1873 328 1932 Divitiae
343 1893 465 1949 quorum
478 1871 578 1930 messis
591 1876 622 1929 et
635 1872 718 1928 arbor
732 1877 825 1932 crant.

160 1973 227 2031 Illis
240 1992 347 2030 munus
361 1974 444 2030 erant
457 1971 573 2029 decussa
587 1969 716 2046 Cydonia
729 1989 818 2039 ramo,

200 2071 240 2128 Et
253 2070 321 2128 dare
334 2068 465 2145 puniceis
477 2069 564 2144 plena
578 2067 701 2125 canistra
713 2069 804 2141 rubis,

161 2170 248 2228 Nunc
260 2169 353 2227 violas
366 2168 485 2227 tondere
498 2187 595 2238 manu,
610 2185 689 2223 nunc
702 2166 798 2225 mixta
810 2168 923 2228 referre

199 2266 277 2324 Lilia
289 2265 433 2340 virgineos
446 2265 544 2322 lucida
556 2285 609 2341 per
622 2265 758 2336 calathos,
974 2271 1006 2325 30

161 2365 201 2423 Et
214 2368 329 2440 portare
343 2363 403 2421 suis
416 2362 536 2421 vestitas
549 2361 700 2420 frondibus
713 2382 786 2421 uvas

200 2464 264 2521 Aut
276 2462 386 2520 variam
399 2463 514 2537 plumae
528 2459 701 2518 versicoloris
714 2481 808 2520 avem.

160 2561 218 2619 His
231 2566 296 2618 tum
308 2560 458 2619 blanditiis
471 2560 582 2618 furtiva
595 2580 646 2636 pcr
660 2565 741 2618 antra
753 2563 872 2637 puellae

201 2661 308 2719 Oscula
321 2660 458 2718 silvicolis
472 2664 569 2736 empta
582 2661 684 2719 dedere
697 2660 778 2719 viris.

161 2759 302 2817 Hinouloi
314 2759 400 2836 pellis
414 2763 490 2818 totos
504 2759 634 2834 operibat
647 2762 785 2832 amantes,
974 2768 1007 2821 35

200 2858 329 2933 Altaque
343 2858 442 2915 nativo
457 2862 587 2916 creverat
600 2859 690 2916 herba
702 2861 774 2930 toro,

161 2956 253 3015 Pinus
267 2961 297 3016 ct
309 2957 478 3015 incumbens
491 2958 580 3015 lentis
594 2957 791 3015 circumdabat
803 2959 932 3031 umbras,

200 3055 262 3113 Nec
275 3055 373 3113 fuerat
386 3056 479 3113 nudas
492 3075 584 3131 poena
596 3055 694 3114 videre
707 3057 784 3114 deas.

161 3152 299 3227 Corniger
313 3157 344 3211 at
358 3154 497 3229 quondam
511 3155 599 3212 vacui
610 3154 733 3230 pastoris
745 3153 777 3211 in
791 3156 892 3215 aulam

199 3250 271 3308 Dux
284 3250 357 3309 aries
372 3254 483 3309 saturas
496 3251 558 3327 ipse
571 3251 691 3309 reduxit
704 3271 780 3324 oves,
974 3262 1009 3314 40

160 3347 257 3426 Dique
271 3350 399 3425 deaeque
413 3369 520 3422 omnes,
537 3349 643 3427 quibus
657 3352 701 3409 est
713 3350 809 3410 tutela
821 3371 877 3428 per
890 3373 983 3431 egros,
