2122 3728
432 221 556 280 LIBER
576 222 621 280 Π.
873 224 951 283 xxiii

140 384 189 437 26.
213 383 258 437 42.
273 379 355 454 facco
368 378 407 451 N,
421 380 541 455 fuscam,
557 380 592 438 L.
607 380 778 439 Muellerus.
841 381 848 396 '

141 482 188 535 25.
211 482 259 537 43.
281 479 399 555 qaudam
412 479 451 537 N.
554 484 601 538 26.
625 483 651 536 8.
673 479 768 556 Atque
782 480 820 538 N.
864 481 951 557 Teque

100 577 207 636 Hertz.
221 578 358 652 perbene.
664 583 712 635 26.
737 582 782 636 18.
809 579 896 646 Quom
909 580 939 637 N
943 621 955 637 .

141 680 188 732 26.
211 679 258 733 21.
280 675 395 734 Novam
417 675 541 749 elegiam
566 674 615 733 hic
642 676 835 735 inchoandam
861 679 950 737 multi

100 775 273 833 docuerunt.
608 778 656 832 26.
680 779 727 832 36.
750 777 781 833 ia
802 796 857 833 om.
873 777 910 839 N.

142 877 190 929 26.
213 877 260 930 39.
282 872 333 930 dcc
342 872 440 931 1616666
446 872 515 931 libri
524 876 643 948 propter
653 872 734 931 litore
747 875 779 932 in
793 879 839 946 38,
850 878 951 933 6666666

101 972 154 1029 dcc
177 970 221 1029 ed.
235 971 335 1028 6666666
349 971 419 1028 olim
433 970 543 1030 excidit
554 975 621 1046 post
633 972 767 1029 66666166.
822 973 867 1031 ef.
883 975 948 1034 Val.

101 1069 198 1129 Flacc.
218 1069 271 1146 qui
290 1072 402 1128 montes
416 1069 623 1146 Symplegadas
644 1071 773 1145 appellat
793 1075 820 1129 2.
838 1076 903 1143 331,
921 1079 949 1132 4.

102 1169 169 1228 707.
191 1170 264 1227 ratis
277 1170 358 1244 Argo
366 1167 404 1239 N,
420 1168 499 1244 quod
508 1187 611 1225 verum
624 1187 685 1226 esse
699 1168 798 1228 docuit
812 1170 848 1228 R.
864 1170 948 1228 Ellis.

100 1267 199 1341 Argus
213 1267 290 1324 enim
302 1266 460 1325 fabricator
472 1265 580 1341 puppis
600 1270 672 1337 erat,
688 1266 725 1323 cf.
741 1267 839 1342 Apoll.
855 1268 949 1328 Rhod.

98 1367 170 1440 Arg.
188 1370 214 1423 1.
234 1369 279 1423 13.
293 1368 363 1423 etc:
380 1369 410 1423 et
420 1364 448 1422 ei
460 1363 541 1438 Argo
554 1364 614 1421 iuit
628 1383 713 1423 curae
726 1365 792 1423 Val.
805 1366 902 1426 Flacc.
920 1372 945 1425 1.

101 1466 169 1524 477.
210 1465 291 1524 666166
303 1465 402 1540 Arpos
415 1463 520 1522 Hertz.
536 1482 551 1521 6
565 1463 731 1522 coniectura
744 1465 852 1523 Volsci.

141 1568 198 1634 26.¹
211 1564 259 1623 47.
280 1564 345 1621 dum
358 1563 397 1621 N.
419 1562 460 1620 H.
476 1581 536 1620 6666
548 1561 664 1638 reliqui.
719 1564 845 1636 6661611,
862 1564 953 1641 Arpis

100 1663 142 1734 H,
158 1664 255 1738 vulgo,
270 1661 389 1720 informi
402 1663 552 1720 doctorum
566 1662 775 1721 emendatione.

141 1762 189 1820 27.
212 1767 240 1820 5.
262 1762 402 1838 sequimur
415 1760 453 1832 N,
468 1761 594 1836 66666666
607 1759 648 1816 H.

141 1860 189 1918 27.
212 1860 239 1918 7.
252 1861 340 1936 fletae
360 1859 399 1931 N,
415 1859 564 1917 tumultum
583 1858 622 1918 N.
645 1878 717 1916 corr.
740 1858 773 1916 L.
789 1859 951 1919 Muellerus

103 1959 221 2035 optime.
254 1960 334 2035 fletis
348 1959 438 2033 capiti
449 1958 490 2030 H,
506 1958 605 2032 vulgo.

141 2058 188 2116 27.
212 2062 258 2117 15.
280 2057 424 2115 6166666666
433 2057 470 2128 N,
482 2058 639 2115 damnatum
649 2057 681 2115 H
690 2076 755 2115 cum
766 2057 862 2115 codice
873 2059 951 2115 dam-

101 2160 170 2214 nato
184 2156 380 2239 Groningano.
612 2160 658 2212 28.
682 2160 708 2213 8.
732 2157 854 2214 iurarem
872 2157 910 2214 N.

141 2260 189 2314 28.
212 2260 239 2312 9.
261 2254 338 2313 Dedi
350 2254 438 2329 plane
451 2256 487 2312 ut
497 2254 534 2325 N,
551 2253 603 2330 qui
617 2253 733 2328 signum
747 2255 844 2330 ipsum
858 2256 949 2314 inter-

101 2354 258 2430 rogationis
271 2356 338 2430 post
362 2353 451 2411 176666
463 2353 561 2412 habet.
603 2352 723 2411 Italam
737 2353 861 2412 editores
875 2356 950 2412 anti-

100 2454 224 2530 quiores,
232 2453 325 2530 quiin
334 2452 490 2528 permultis
497 2450 663 2510 recentibus
671 2455 830 2527 praestant.
843 2452 950 2510 Sensus

102 2557 166 2612 est:
184 2553 265 2611 “illa
278 2553 332 2610 dea
345 2551 479 2610 omnibus
494 2549 627 2608 formosis
646 2550 754 2625 puellis
768 2570 859 2627 aeque
873 2550 949 2609 invi-

101 2653 182 2710 diosa
190 2653 262 2712 est.’'
305 2651 422 2711 61616.
437 2652 502 2708 Att.
520 2654 613 2708 2.19;
640 2653 880 2726 “temperaeque
891 2671 950 2707 om-

101 2752 188 2810 nibus
197 2751 346 2809 ordinibus
355 2749 494 2808 offensa.’'
517 2749 604 2807 76666
613 2744 847 2822 parmamque?
861 2747 895 2817 G,
907 2749 947 2806 H.

141 2854 188 2907 28.
213 2854 259 2909 12.
279 2849 403 2908 Pollidio
416 2848 454 2907 N.
641 2850 687 2904 28.
713 2850 757 2903 16.
783 2847 857 2902 accit
871 2846 908 2902 N.

141 2953 189 3007 23.
211 2953 258 3006 33.
280 2948 428 3006 Commota
449 2943 599 3003 ‘coniunx'
620 2942 801 3001 includentia
821 2962 838 2998 a
858 2942 950 3000 Lach-

101 3066 206 3105 manno
227 3046 322 3122 posita
338 3044 453 3104 sustuli.
503 3044 579 3101 Nam
593 3045 670 3100 certe
684 3043 802 3098 6666666
821 3043 951 3100 nomina·

102 3145 181 3204 tivus
194 3149 247 3217 est,
263 3164 322 3202 non
335 3143 494 3202 vocativus.

142 3249 188 3302 28.
211 3249 259 3301 43.
281 3241 613 3314 carminalibri,crimiae
627 3241 671 3296 ed.
693 3237 863 3314 Propertius
873 3240 948 3297 voti-

104 3361 174 3400 vum
195 3343 304 3401 donum
316 3342 360 3401 dis
379 3339 527 3419 promittit
546 3340 599 3397 sub
615 3357 672 3414 quo
693 3337 724 3396 in
744 3336 855 3412 pariete
871 3357 949 3396 sacro

506 3458 521 3498 c
541 3441 560 3496 2
