2122 3728
112 240 129 292 6
316 234 534 294 PROPERTII
553 235 614 293 EL.
636 237 662 307 I,
685 239 713 293 4.
736 239 763 292 5.

112 394 152 452 Et
163 396 194 451 te
209 391 316 451 circum
330 411 428 452 omnes
442 394 514 452 elias
526 393 602 452 irata
614 392 728 468 puellas

149 490 292 549 Differet:
314 492 373 549 heu
385 492 468 550 nullo
481 492 581 551 limine
595 511 679 551 carus
691 491 756 550 eris.

111 590 140 647 N
140 589 217 647 ullas
229 588 283 647 illa
296 589 356 647 suis
369 593 535 648 contemnet
546 590 665 649 fletibus
678 609 751 660 aras,

150 688 190 746 Et
204 687 381 765 quicumque
395 707 482 760 secer,
499 687 603 765 qualis,
619 688 738 765 ubique,
752 687 839 764 lepis.

112 785 142 843 N
142 804 180 842 on
192 785 255 843 ullo
269 785 388 859 gravius
400 789 564 863 temptatur
577 787 707 862 Cynthia
720 787 836 858 damno,
931 793 968 845 25

152 883 246 948 Quem
260 883 316 942 sibi
328 903 395 942 cum
408 887 492 959 rapte
506 888 599 943 cessat
612 904 708 944 amore
721 885 802 958 deus,

111 981 269 1057 Praecipue
282 982 383 1040 nostri.
398 986 514 1041 maneat
528 983 568 1042 sie
582 1002 703 1060 semper,
719 984 814 1056 edero,

151 1079 212 1138 Nee
227 1080 384 1158 quiequam
397 1100 434 1139 ex
446 1081 501 1140 illu
514 1083 593 1159 quod
607 1102 714 1160 querar
725 1081 887 1142 inveniam.

523 1281 551 1319 V.

110 1379 224 1451 Invide,
240 1382 274 1439 tu
287 1380 406 1438 tandem
419 1398 504 1438 voces
517 1398 663 1455 compesce
676 1379 821 1451 molestes,

150 1479 189 1537 Et
203 1477 265 1536 sine
278 1497 331 1536 nos
345 1496 440 1548 cursu,
457 1496 514 1554 que
529 1497 637 1549 sumus,
653 1477 696 1535 ire
709 1496 805 1553 pares.

111 1576 189 1642 Quid
202 1576 258 1636 tibi
270 1576 324 1647 vis,
338 1576 462 1634 insane?
482 1595 561 1635 meos
575 1575 683 1635 sentire
696 1575 832 1635 furores?

149 1674 271 1747 Infelix,
286 1693 422 1750 properas
435 1672 541 1732 ultima
553 1693 636 1733 nosse
648 1674 734 1745 msle,

110 1775 150 1832 m
162 1772 251 1832 miser
263 1773 378 1846 ignotos
391 1771 516 1846 vestigia
528 1772 605 1831 ferre
618 1792 671 1849 per
683 1764 776 1846 ignes,
950 1780 967 1830 5

151 1874 191 1932 Et
203 1873 302 1933 bibere
316 1893 332 1931 e
345 1875 409 1931 totu
422 1872 521 1931 toxica
535 1873 694 1931 Thessalia.

111 1972 141 2030 N
142 1993 179 2030 on
193 1975 239 2030 est
251 1971 304 2029 illa
316 1971 399 2046 vagis
414 1970 517 2029 similis
531 1971 646 2030 conlata
658 1971 766 2046 puellis
778 1992 784 2028 :

151 2070 284 2128 Molliter
296 2069 383 2127 irasci
396 2089 455 2127 non
467 2069 544 2127 colet
557 2069 610 2127 illa
623 2069 688 2128 tibi.

112 2169 196 2233 Quod
210 2169 235 2226 si
248 2168 325 2226 forte
339 2168 397 2226 tuis
410 2188 470 2227 nen
484 2173 529 2227 est
543 2169 689 2228 centraria
701 2170 784 2242 cetis,

150 2267 193 2325 At
205 2266 262 2324 tibi
276 2286 412 2324 curarum
425 2267 507 2325 milia
520 2272 632 2344 quanta
645 2268 744 2328 dabit!
930 2275 968 2328 10

110 2364 177 2422 Non
192 2364 249 2422 tibi
262 2364 320 2422 ism
335 2384 456 2438 somnos,
472 2384 531 2424 non
543 2367 596 2425 ille
605 2368 755 2445 relinquet
768 2367 890 2427 ocellos:

151 2463 211 2520 Illa
224 2462 302 2520 ieros
316 2462 421 2521 animis
435 2464 612 2538 alligatura
628 2466 715 2524 viros.

111 2560 160 2616 Ah
173 2578 238 2618 mea
252 2563 435 2637 contemptus
449 2562 585 2638 quotiens
599 2564 636 2621 ad
647 2563 751 2623 limina
764 2583 871 2637 curres,

150 2658 224 2716 Cum
238 2657 295 2717 tibi
308 2659 441 2733 singultu
454 2658 544 2718 fortis
557 2662 646 2719 verba
660 2662 773 2734 cadent,

110 2756 150 2814 Et
163 2755 307 2815 tremulus
320 2758 436 2816 maestis
451 2757 560 2816 orietur
572 2759 691 2818 fletibus
704 2760 815 2832 horror,
931 2767 967 2819 15

150 2855 190 2912 Et
203 2853 291 2913 timor
303 2854 457 2913 informem
471 2856 557 2915 ducet
570 2857 601 2914 in
615 2877 664 2916 ore
677 2861 785 2930 notam,

111 2954 151 3012 Et
167 2970 367 3030 quaecumque
381 2953 461 3011 voles
474 2953 592 3029 fugient
604 2956 661 3014 tibi
674 2958 763 3016 verba
776 2959 921 3034 querenti,

150 3052 180 3109 N
181 3071 213 3110 ec
226 3050 344 3127 poteris,
361 3051 412 3128 qui
427 3051 465 3109 sis
479 3055 532 3110 sut
545 3054 606 3125 ubi,
621 3073 706 3113 nosse
719 3055 815 3114 miser.

111 3150 187 3209 Tum
202 3169 290 3224 grave
304 3150 456 3209 servitium
468 3154 584 3211 nestrae
598 3173 699 3228 cogere
711 3155 828 3230 puellae

151 3250 277 3320 Discere,
293 3253 324 3308 et
337 3251 490 3309 exclusum
503 3251 574 3328 quid
588 3252 627 3312 sit
641 3254 720 3312 abire
734 3253 871 3314 domum:
927 3262 967 3316 20

92 3347 159 3403 Nec
169 3347 231 3405 rem
242 3348 390 3424 psHorem
406 3350 519 3413 totiens
533 3351 680 3414 mirabere
692 3355 840 3423 nestrum,
