2122 3728
99 210 130 270 vi
408 205 648 265 PRAEFATIO.

98 368 273 446 nequiquam,
298 383 421 435 eoueecs,
443 364 533 437 bruce,
554 364 703 434 calcedae,
723 362 829 434 lucino,
845 379 951 431 maere,

100 471 242 542 iempicee,
255 463 367 536 eiicere,
379 464 481 523 inicere
493 466 523 522 et
532 462 651 520 similia:
664 461 752 520 etiam
765 461 858 531 Greia,
870 461 952 518 Bois.

101 565 199 625 (lodex
212 565 387 640 plerumque
401 562 522 621 exhibet
541 561 659 639 querele,
680 561 815 633 humerus,
831 560 952 634 Iupiter,

100 665 201 725 littus:
222 683 339 742 parraro
352 663 482 741 querella,
506 681 615 722 omues
634 661 692 739 (bis
709 660 836 720 terrain
850 664 955 737 quarto

99 765 199 843 libro),
215 764 356 840 Iuppiter,
372 761 460 820 iiius:
474 762 527 819 has
540 760 648 819 formas
661 759 771 837 ubique
785 759 872 818 edidi.
892 760 956 817 He·

98 866 206 924 renuet
215 882 300 922 wenc
310 863 460 936 leguntur,
472 859 549 918 illud
560 859 683 935 saepius.
726 859 834 917 Contra
846 859 956 917 librum

99 961 202 1038 scripsi
221 981 308 1034 uma,
329 960 475 1037 quidquid,
496 958 606 1030 sobrie,
631 959 775 1017 icecueiee.
816 957 907 1015 Plura
919 958 956 1016 dc

98 1059 307 1136 orthographia
335 1058 425 1117 huius
461 1056 532 1116 libri
558 1077 575 1115 a
607 1056 642 1114 L.
678 1056 822 1115 Muellero
863 1055 956 1114 discas

98 1157 191 1237 praef.
207 1178 236 1234 p.
255 1162 301 1216 15.

138 1258 258 1315 Praeter
278 1253 505 1331 Neapolitanum
527 1253 600 1312 duos
621 1255 738 1312 tantum
761 1251 872 1311 codices
892 1251 955 1327 ipsa

99 1355 221 1415 contuli.
242 1434 245 1438 ἢ
263 1354 486 1414 Gnounsonuon
512 1351 630 1427 inspexi
656 1352 726 1429 quia
752 1351 957 1410 lachmannus

98 1458 218 1516 tantum
231 1453 259 1513 ei
272 1453 388 1525 tribuit,
401 1453 480 1530 quod
491 1455 564 1528 puto
578 1451 773 1523 nonfacisset,
790 1451 815 1510 si
828 1450 956 1509 codicem

97 1555 161 1632 ipse
184 1553 315 1615 vidisset.
357 1553 442 1612 Inter
468 1551 607 1628 pessimos
634 1551 711 1610 enim
734 1550 885 1609 habendus
912 1552 957 1608 est

100 1651 314 1728 Groninganus,
340 1671 437 1729 neque
458 1651 522 1711 eius
545 1650 750 1710 auctoritatem
772 1650 862 1708 buius
880 1648 956 1708 facio

99 1753 132 1812 in
145 1752 319 1812 recensendo
332 1750 493 1827 Prope1tio.
535 1749 655 1808 Contuli
668 1749 776 1807 librum
790 1747 956 1822 Groningac

102 1871 201 1911 mense
228 1848 401 1927 Septembri,
433 1848 527 1908 1878:
554 1848 639 1907 ouius
664 1847 736 1906 iacti
762 1867 808 1906 me
834 1846 956 1906 fortaue

101 1949 266 2027 poeniteret
284 1947 343 2006 nisi
364 1945 618 2005 commorationem
637 1946 670 2005 in
690 1945 811 2023 antiquo
831 1945 956 2004 Batavo·

100 2067 168 2106 rum
185 2045 300 2124 oppido,
317 2043 518 2104 urbanitatem
539 2044 733 2104 bibliothecae
754 2044 905 2120 praefecti,
926 2048 957 2104 et

101 2145 203 2204 suavia
232 2142 379 2220 colloquia
405 2161 473 2201 cum
497 2143 624 2202 Aemilio
650 2144 825 2203 Baehrensio
852 2145 888 2203 dc
911 2163 957 2203 re-

100 2243 156 2303 bus
183 2239 381 2318 Propertianis
408 2242 439 2300 et
465 2239 641 2301 Catullianis
661 2242 763 2302 habita
792 2243 957 2303 meminisse

100 2341 186 2400 dulce
200 2343 285 2400 esset.

140 2439 258 2499 Tertius
278 2438 427 2498 addendus
449 2441 495 2498 est
515 2439 628 2498 duobus
648 2440 696 2498 his
717 2439 863 2499 codicibus
881 2440 957 2499 liber

102 2536 276 2598 Ouiaoianus
295 2535 445 2611 scaligeri,
460 2535 536 2596 liber
555 2535 712 2612 singularis
730 2557 818 2616 quem
836 2539 888 2597 diu
908 2539 956 2597 de·

101 2636 250 2713 perditum
268 2634 369 2695 divina
392 2635 519 2712 quadam
539 2634 659 2695 fortuna
680 2656 750 2695 usus
773 2637 836 2713 ipse
856 2636 957 2695 inveni

100 2735 180 2795 inter
196 2733 286 2795 libros
307 2733 393 2792 amici
416 2733 474 2793 mei
497 2733 641 2794 Samuelis
659 2734 750 2794 Alani
772 2755 847 2794 anno
868 2736 955 2795 1874.

100 2834 192 2894 Hunc
201 2833 328 2894 codicem
338 2833 480 2912 scriptum
488 2833 625 2893 Perusiae
635 2854 711 2893 anno
722 2834 957 2893 1467aPaoifico

99 2932 231 2992 Maximo
250 2933 400 3004 monacho,
423 2935 511 3008 poeta
531 2932 596 3008 ipso
618 2931 680 2991 illis
702 2932 880 3009 temporibus
898 2951 957 2990 non

100 3032 209 3092 humili
222 3051 286 3092 meo
299 3031 364 3091 iure
378 3031 525 3110 appellavi
537 3033 723 3091 Pnnosnsuu.
765 3032 957 3092 collationem

100 3130 191 3190 huius
203 3129 281 3204 libri,
303 3129 355 3208 qui
375 3149 422 3189 me
443 3129 540 3189 iudice
558 3149 644 3189 suum
656 3131 754 3190 locum
774 3131 908 3191 tuebitur
924 3131 957 3189 in

101 3228 185 3288 domo
199 3227 398 3306 Propentiana,
413 3228 446 3288 in
458 3230 518 3289 fine
531 3229 620 3289 huius
633 3230 790 3290 voluminis
802 3231 896 3306 posui.

141 3326 322 3388 Divisionum
339 3329 499 3389 carminum
515 3329 660 3407 Propertii
673 3328 705 3388 in
719 3328 850 3406 quinque
867 3328 957 3387 libros
