2122 3728
168 238 204 288 68
376 229 594 288 PROPERTII
614 228 675 286 EL.
698 229 743 301 II,
762 233 811 287 33.

538 405 648 445 mm.

166 488 274 547 Tristia
286 487 344 546 ium
358 487 481 546 redeunt
493 485 603 545 iterum
617 485 772 544 sollemnia
784 487 870 545 nobis
883 508 890 544 ε

206 585 334 663 Cynthia
346 585 405 644 iam
417 588 518 644 noctes
532 587 577 643 est
590 586 710 661 operata
723 584 835 642 decem.

165 685 265 760 Atque
278 683 393 743 utinam
406 685 537 759 pereant,
553 682 624 740 Nilo
638 701 714 759 quae
728 701 811 741 sacra
823 685 946 759 tepente

206 783 289 841 Misit
301 782 441 841 matronis
454 780 573 839 Inachis
587 780 745 838 Ausoniis!

167 880 248 945 Quae
262 881 389 940 deatum
403 881 522 956 cupidos
535 879 646 939 totiens
660 879 763 939 divisit
777 885 920 953 amentes,
1004 886 1019 937 5

207 981 414 1058 Quaecumque
426 981 480 1039 illa
492 979 560 1051 fuit,
576 1000 689 1056 semper
703 1000 802 1039 amaru
814 980 885 1040 tuit.

168 1080 213 1138 Tu
227 1083 305 1138 certe
319 1079 399 1138 lovis
413 1079 534 1139 occultis
547 1079 579 1137 in
593 1079 747 1150 amoribus
764 1079 808 1151 Io,

208 1177 339 1250 sensisti,
355 1178 463 1235 multas
477 1177 549 1253 quid
561 1176 601 1234 sit
614 1176 688 1235 inire
702 1177 774 1249 vics,

168 1277 241 1335 Cum
254 1282 284 1334 te
297 1276 384 1335 iussit
396 1276 504 1334 hebere
516 1276 647 1351 puellam
660 1295 770 1334 cornua
783 1277 863 1334 Iuno

206 1375 246 1433 Et
259 1374 371 1450 pecoris
383 1375 455 1432 duro
469 1375 588 1451 perdere
603 1375 692 1432 verba
705 1393 785 1434 sono.
989 1379 1021 1432 10

167 1475 216 1530 Ah
230 1473 364 1550 quotiens
379 1472 497 1550 quernis
510 1471 624 1530 laesisti
636 1471 785 1531 frontibus
798 1473 869 1533 ora!

207 1572 351 1631 Mandisti
364 1579 392 1631 ct
405 1571 527 1631 stabulis
541 1572 645 1632 arbuta
658 1575 743 1648 pasta
755 1572 817 1631 tuis
830 1573 837 1631 l

167 1673 224 1742 An,
242 1671 378 1747 quoniam
393 1674 537 1745 agrestem
550 1671 680 1730 detraxit
694 1672 730 1729 ab
744 1691 793 1730 ore
807 1671 936 1746 figuram

208 1771 352 1845 Iuppiter,
367 1769 474 1828 idcirco
487 1768 566 1828 iacta
579 1770 703 1846 superba
716 1770 770 1827 dcc
784 1769 838 1828 es?

170 1872 217 1927 An
230 1870 287 1927 tibi
300 1889 358 1927 non
373 1869 442 1928 satis
457 1872 501 1927 est
513 1869 603 1928 fuscis
616 1872 771 1946 Aegyptus
785 1871 940 1930 alumnis?
989 1877 1021 1929 15

209 1970 268 2026 Cur
280 1968 336 2027 tibi
348 1973 409 2027 tam
423 1970 511 2042 longa
525 1970 617 2027 Roma
630 1969 725 2045 petita
737 1970 838 2028 visst?

170 2071 283 2134 Quidve
297 2070 352 2128 tibi
365 2070 483 2145 prodest
496 2069 599 2128 viduas
612 2070 737 2150 dormire
749 2071 891 2145 puellas?

210 2168 266 2225 Sed
279 2167 343 2239 tibi,
361 2168 444 2225 crede
457 2167 539 2239 mihi,
556 2187 663 2226 cornua
675 2188 777 2227 rursus
792 2174 890 2242 erunt,

169 2266 216 2323 Et
230 2285 281 2323 nos
296 2285 311 2323 e
325 2269 474 2337 nostrate,
493 2287 586 2337 saeva,
602 2266 769 2340 fugabimus
782 2270 877 2326 urbe:

210 2364 282 2421 Cum
297 2363 395 2423 Tiberi
408 2364 477 2422 Nilo
492 2366 585 2439 gratia
597 2366 682 2424 nulle
694 2366 763 2424 luit.
986 2373 1021 2425 20

170 2464 212 2520 At
224 2465 268 2533 tu,
285 2483 360 2538 quoe
373 2466 471 2521 nostro
485 2464 608 2522 nimium
621 2465 736 2540 placata
749 2465 848 2524 dolore
863 2487 903 2538 es,

210 2560 353 2619 Noctibus
366 2561 412 2619 his
426 2561 511 2621 vacui
524 2567 570 2621 ter
583 2563 723 2621 iaciemus
736 2563 802 2622 iter.

171 2660 200 2716 N
201 2679 238 2716 on
252 2659 343 2731 audis,
360 2663 391 2719 et
403 2662 492 2718 verba
506 2660 577 2720 einis
590 2681 654 2720 mea
667 2663 775 2738 ludere,
792 2683 860 2722 oum
873 2665 933 2723 iam

210 2758 346 2816 Flectant
359 2759 448 2816 Icarii
462 2759 555 2818 sidera
567 2761 651 2819 tarda
663 2763 760 2821 boves.

171 2856 368 2914 Lentabibis:
391 2857 849 2935 mediaenequeunttelrungere
859 2866 970 2922 noctes.
987 2869 1021 2920 25

211 2956 259 3011 An
271 2955 401 3013 nondum
415 2959 460 3014 est
472 2957 547 3015 talos
560 2957 677 3017 mittere
690 2958 766 3016 lassa
778 2960 906 3019 manus?

172 3055 220 3110 Ah
233 3056 342 3129 pereat,
359 3054 535 3132 quicumque
548 3077 674 3116 meracas
687 3057 816 3134 repperit
829 3079 912 3132 uvas,
930 3068 934 3073 '

212 3151 405 3228 corrupitque
418 3155 507 3211 bonas
520 3158 636 3214 nectere
649 3155 760 3231 primus
774 3158 883 3233 aquas!

172 3250 254 3306 Icore
269 3249 413 3326 Cecropiis
427 3252 530 3311 merito
544 3252 677 3328 iugulate
691 3254 808 3326 colonis,

211 3347 386 3423 Pampineus
398 3349 476 3408 nosti
489 3370 576 3427 quam
592 3351 630 3410 sit
644 3371 758 3411 amarus
771 3353 849 3412 odor.
987 3361 1021 3414 30
