2122 3728
251 252 470 311 rnornsrn
490 253 550 312 uu.
572 253 636 324 111,
660 257 688 310 2.
706 228 741 310 a*
881 251 917 308 75

69 412 129 469 Nec
143 430 207 468 mea
220 411 367 469 Phaeacas
380 414 508 486 aequant
522 410 652 486 pomaria
666 411 764 481 silvas,

108 510 175 568 Non
189 528 307 584 operosa
319 508 397 584 rigat
410 509 539 568 Marcius
553 515 638 570 antra
650 509 768 586 liquor:

70 611 111 667 At
124 628 222 667 musae
236 608 364 680 comites,
381 612 411 666 et
425 609 552 667 carmina
565 629 631 667 cara
644 608 764 684 legenti,
883 611 917 664 15

40 735 43 742 ·
108 709 168 766 Noc
180 708 293 767 defessa
306 707 401 766 choris
415 707 563 784 Calliopea
576 708 657 767 meis.

70 808 240 878 Fortunata,
256 825 321 865 meo
335 806 360 864 si
373 825 432 882 qua
446 809 491 865 est
504 808 650 866 celebrata
662 805 763 865 libello
774 804 782 863 i

109 905 242 963 Carmina
256 906 343 962 erunt
355 903 464 963 formae
478 907 523 963 tot
537 904 714 992 monimenta
726 907 805 963 tuae.

70 1004 99 1061 N
100 1023 145 1060 am
158 1022 254 1079 neque
267 1002 453 1079 pyramidum
467 1006 602 1078 sumptus
616 1003 653 1061 ad
666 1002 761 1061 sidera
773 1001 863 1072 ducti,

109 1102 171 1159 Nec
184 1100 265 1159 Iovis
278 1101 345 1159 Elei
358 1102 471 1160 caelum
484 1100 600 1160 imitata
613 1101 724 1173 domus,
881 1104 919 1156 20

70 1201 99 1257 N
100 1220 132 1259 eo
144 1191 289 1258 Mausolei
302 1199 384 1258 dives
396 1198 516 1258 fortuna
530 1199 657 1275 sepulcri

110 1298 213 1357 Mortis
227 1300 263 1357 ab
278 1300 409 1357 extrema
422 1298 589 1357 condicione
603 1302 718 1357 vacant.

70 1398 133 1456 Aut
146 1396 206 1455 illis
219 1397 336 1455 flamma
349 1399 402 1454 aut
414 1396 508 1455 imber
522 1398 642 1455 suduoct
655 1399 787 1469 honores,

109 1499 262 1555 Annorum
276 1501 328 1555 aut
340 1496 411 1570 ictu,
426 1499 555 1574 pondere
567 1497 655 1570 victa,
671 1501 767 1557 ruent.

70 1598 113 1655 At
124 1616 184 1654 non
196 1595 315 1671 ingenio
329 1597 496 1673 quaesitum
508 1617 615 1656 nomen
629 1598 665 1656 ab
679 1616 750 1656 aevo
882 1601 919 1653 25

112 1696 255 1756 Excidet:
277 1696 395 1772 ingenio
410 1700 469 1756 stat
483 1696 545 1754 sino
558 1699 651 1754 morto
664 1695 761 1754 decus.

470 1891 518 1932 m.

71 1991 158 2050 Visus
172 2011 250 2050 eram
263 1990 347 2049 molli
359 1993 504 2051 recubans
518 1990 671 2050 Heliconis
683 1991 716 2049 in
728 1992 840 2064 umbra,

110 2090 348 2167 Bellerophontei
360 2110 420 2167 qua
432 2090 501 2149 fluit
514 2110 598 2149 umor
612 2090 689 2166 equi,

71 2190 175 2263 Reges,
190 2189 276 2261 Alba,
291 2192 359 2247 tuos
373 2193 404 2249 ct
416 2210 520 2264 regum
532 2189 613 2249 iacta
625 2193 753 2263 tuorum,

111 2286 238 2346 Tantum
251 2287 354 2363 operis,
370 2287 468 2346 nervis
481 2287 592 2347 hiscere
604 2309 688 2365 posse
701 2289 782 2361 meis,

72 2387 223 2462 Parvaque
235 2389 296 2444 tam
309 2385 423 2460 magnis
437 2387 583 2445 admoram
595 2387 728 2447 fontibus
742 2409 800 2461 ora,
904 2393 921 2445 5

111 2484 195 2542 Unde
208 2487 293 2559 pater
305 2483 408 2543 sitiens
422 2484 536 2542 Ennius
550 2488 619 2544 ante
632 2485 716 2558 bibit,

73 2582 113 2639 ut
127 2581 218 2640 cecini
232 2582 335 2642 Ourios
348 2582 455 2641 iratres
469 2588 499 2643 et
512 2584 637 2643 Horatia
649 2585 719 2660 pila,

110 2682 262 2759 Regiaque
276 2683 403 2741 Aemilia
415 2687 500 2743 vecta
512 2687 632 2761 tropaea
644 2689 716 2756 rate,

72 2779 272 2857 victricesque
285 2800 380 2839 moras
393 2781 479 2840 Fabii
491 2801 679 2860 pugnamque
694 2783 841 2842 sinistram

113 2880 294 2938 Cannensem
308 2882 339 2938 et
351 2899 449 2939 versos
463 2881 500 2938 ad
512 2881 562 2956 pia
575 2885 644 2940 vota
657 2883 733 2954 deos,
887 2887 922 2939 10

72 2976 326 3055 Hannibalemque
340 2978 429 3037 Lares
443 2979 575 3038 Romana
588 2980 655 3039 sede
669 2980 816 3054 fugantes,

111 3076 231 3135 Anseris
245 3079 276 3135 et
288 3079 389 3135 tutum
402 3097 473 3137 voce
485 3078 577 3137 brisso
591 3079 711 3137 Iovem:
740 3072 741 3075 ’

73 3173 146 3233 Cum
158 3193 205 3233 mc
220 3174 347 3234 Castalia
361 3177 513 3251 speculans
527 3196 566 3235 ex
579 3178 680 3235 arbore
694 3176 829 3234 Phoebus

114 3271 161 3331 Sic
175 3273 226 3346 ait,
242 3277 344 3333 aurata
357 3275 446 3333 nixus
461 3275 497 3333 ad
511 3278 595 3334 antra
607 3275 682 3351 lyra.
742 3323 744 3327 .

77 3375 96 3404 “
106 3369 184 3435 Quid
193 3371 250 3432 tibi
261 3392 328 3432 oum
337 3372 400 3446 tali,
411 3374 538 3446 demens,
550 3376 594 3433 est
603 3372 744 3432 flumine?
758 3375 825 3451 quis
835 3378 865 3434 te
889 3381 923 3433 15
