2122 3728
129 239 172 298 lvi
435 238 674 298 PRAEFATIO.

129 397 294 475 quaerenda
304 398 357 455 est.
387 396 493 455 Confer
510 401 538 454 2.
551 400 598 453 28.
612 400 649 453 39
661 417 668 454 :
684 395 751 454 Una
763 394 837 455 retis
849 396 908 454 feti
921 416 987 454 nos-

128 502 190 554 tros
210 495 340 572 portabit
358 514 469 553 amores
487 494 610 553 Caerula
628 495 664 553 ad
686 495 817 554 internos
838 496 988 556 velificata

128 596 218 654 larue.
268 594 300 652 Si
327 593 411 651 malis
437 594 557 652 reddere
580 595 654 653 77777
679 597 873 670 pentametm,
896 594 988 653 eiecto

129 693 202 753 77777
215 697 250 753 ut
264 694 366 769 glossa,
383 696 496 752 servato
510 693 583 751 77777
595 692 627 750 in
642 692 679 750 57
693 713 752 752 non
765 712 939 769 repugnem.

171 794 198 852 7.
222 799 268 853 59.
286 797 376 867 postte
394 793 432 863 N,
453 793 487 851 P.
530 797 604 851 77777
622 793 655 850 H
675 793 775 868 vulgo,
795 793 866 852 fort.
892 799 988 869 rapte.
1051 835 1054 840 ·

124 898 214 967 77777
228 892 306 950 enim
321 895 365 949 est
374 895 435 969 pte,
453 894 483 950 et
495 910 529 949 77
542 891 698 966 praeeedit.

171 992 198 1049 7.
221 994 269 1047 61.
291 1009 345 1066 que
359 1008 477 1065 7777777
490 990 611 1048 utenda
629 989 737 1066 Cybeles
747 991 786 1048 N.

172 1090 199 1148 7.
222 1093 269 1145 65.
292 1107 396 1146 remma
409 1089 529 1146 aeternis
542 1087 580 1146 N.
598 1110 601 1117 ·

171 1187 198 1245 7.
222 1186 268 1244 72.
297 1186 439 1244 0777777777
453 1186 491 1257 N,
507 1185 629 1244 17777777
643 1186 676 1245 H
690 1206 756 1245 eum
768 1187 853 1246 libris
866 1189 944 1246 aliie.

173 1285 200 1342 7.
224 1289 271 1342 44.
288 1285 386 1358 777777
400 1284 437 1341 N.

173 1384 199 1442 7.
223 1384 270 1442 77.
292 1405 347 1442 om.
363 1385 401 1442 N.
421 1384 471 1443 Ita
484 1385 524 1457 H,
547 1385 624 1443 nihil
644 1385 864 1445 adnotaveram:
891 1391 922 1447 et
941 1388 990 1446 hie

132 1484 285 1544 fatendum
299 1487 343 1542 est
353 1503 399 1541 me
412 1483 610 1557 Hertzbergio
623 1484 747 1543 nimium
760 1485 901 1544 fidentem
911 1487 991 1544 hune

133 1582 259 1641 codicem
272 1581 463 1640 festinantius
478 1582 643 1641 contulisse.

174 1680 201 1739 7.
224 1681 272 1740 78.
293 1700 333 1738 777
347 1681 406 1738 7777
419 1680 614 1740 Baehrensiue
628 1680 710 1740 Mire.
728 1680 799 1740 erit.
814 1703 843 1759 p.
862 1688 929 1742 106.

174 1780 201 1837 7.
225 1784 272 1837 80.
294 1779 373 1837 777777
385 1779 423 1838 N.

175 1879 201 1936 7.
226 1883 273 1935 85.
298 1878 356 1936 Sed
368 1877 482 1937 tiberne
498 1878 569 1936 77777
581 1878 626 1935 tio
639 1877 679 1936 N.
721 1878 781 1936 He
794 1881 851 1938 7777
866 1881 993 1940 Tiburna

136 1978 180 2036 ed.
225 1976 375 2034 1777777777
388 1977 458 2034 77777
471 1976 521 2034 777
535 1977 575 2035 H.
610 1978 671 2035 He'e
686 1978 835 2037 1777777777
848 1979 993 2039 Burman-

134 2095 199 2147 nus,
222 2076 285 2133 edd.
308 2079 381 2135 vett.
401 2076 536 2134 Formam
557 2075 697 2135 17777777
716 2082 840 2153 usurpat
859 2078 947 2155 Prop.
964 2086 991 2137 3.

136 2179 245 2233 2223.
282 2175 326 2233 Of.
346 2175 399 2232 Ov.
415 2175 487 2233 Met.
510 2181 538 2235 2.
559 2178 635 2236 327:
658 2176 717 2236 Hie
736 2177 811 2236 situs
831 2182 877 2237 eet
898 2179 993 2238 Phae·

135 2275 219 2332 thon.

176 2373 204 2430 7.
227 2375 274 2431 95,
291 2371 389 2445 perflet
403 2370 441 2428 N.

177 2475 203 2527 8.
227 2474 254 2528 8.
276 2488 333 2526 777
346 2470 384 2526 N.

176 2575 203 2627 8.
229 2573 274 2626 15.
297 2567 330 2625 77
344 2569 425 2626 77777
439 2568 477 2627 N.

177 2675 204 2726 8.
227 2673 275 2725 23.
300 2668 464 2743 Sirtyenem
479 2673 550 2727 77777
564 2668 602 2727 N.
644 2673 740 2745 nepoti
751 2670 789 2730 N.

178 2774 206 2826 8.
229 2773 276 2825 24.
298 2767 401 2825 7777777
414 2768 453 2824 Ν.

178 2873 205 2924 8.
229 2871 276 2924 28.
298 2865 414 2923 multato
428 2864 515 2924 777777
529 2866 566 2923 N.

178 2972 205 3023 8.
229 2969 275 3024 33.
298 2965 389 3022 777777
403 2965 441 3021 Ν.

177 3071 204 3122 8.
229 3065 275 3121 37.
297 3064 408 3138 utrique
422 3062 460 3120 Ν.
497 3063 575 3122 Gerr.
593 3064 733 3140 Scaliger.

177 3169 204 3220 8.
228 3166 274 3219 36.
296 3160 452 3220 7777777777
465 3161 543 3235 libri,
560 3183 618 3223 non
633 3165 696 3225 sine
716 3167 859 3244 nequitie.
902 3171 995 3229 77777-

139 3262 212 3320 77777
227 3261 271 3320 ed.

57 3424 85 3480 k
