2122 3728
89 114 126 167 64
261 111 480 170 raornaru
499 111 559 170 un.
582 112 627 186 11,
651 118 700 172 aa
716 119 766 172 ao.

127 268 373 328 Prosilitinlaxa
384 269 456 327 nixa
469 270 572 346 pedem
586 271 673 330 solea.
905 281 939 333 40

89 367 136 426 Sic
150 386 203 442 ego
216 370 278 425 tam
292 370 384 426 sancti
397 369 516 427 custode
529 368 628 428 eludor
641 371 756 429 amoris.

126 467 174 525 Ex
187 467 240 526 illo
253 467 328 526 felix
342 487 402 526 nox
415 465 489 524 mihi
501 467 586 525 nulla
598 466 667 527 fuit.

473 663 544 704 m.

87 763 151 828 Quo
163 764 243 839 fugis
257 765 295 822 ah
308 764 447 824 demens?
466 765 550 824 nulla
563 769 608 824 est
620 765 702 840 iuga.
713 771 750 825 tu
763 766 837 828 licet
849 789 939 846 usque

127 864 174 922 Ad
187 863 299 922 Tanain
311 862 426 937 fugias:
448 882 542 939 usque
557 868 698 941 sequetur
710 866 813 926 Amor.

86 961 153 1020 Non
168 961 192 1020 si
205 963 331 1037 Pegaseo
345 962 470 1022 vecteris
482 963 514 1021 in
527 983 593 1023 aere
606 965 700 1038 dorso,

125 1066 187 1125 Neo
200 1066 256 1125 tibi
270 1066 295 1125 si
308 1066 407 1125 Persei
420 1066 544 1126 moverit
557 1067 605 1125 aia
616 1067 715 1143 pedes,

86 1169 142 1227 Vel
156 1169 180 1227 si
193 1174 224 1228 te
238 1172 332 1228 sectae
345 1169 461 1246 rapiant
473 1169 616 1228 talaribus
630 1190 718 1231 amaa
733 1193 741 1230 :
921 1178 936 1230 5

124 1267 154 1325 N
153 1267 177 1325 il
189 1266 245 1326 tibi
258 1268 397 1327 Mercurii
410 1268 538 1345 proderit
550 1268 611 1326 alta
623 1268 682 1327 via.

85 1369 184 1425 Instat
197 1386 309 1443 semper
321 1367 412 1425 Amor
425 1383 513 1442 supra
526 1370 630 1443 caput:
653 1367 746 1426 instat
760 1368 881 1441 amanti,

124 1467 163 1525 Et
177 1465 274 1541 gravis
286 1465 348 1543 ipse
362 1486 450 1542 super
461 1465 554 1525 libera
566 1466 642 1524 oolla
654 1467 747 1526 sedet.

85 1565 220 1623 Excubat
233 1564 285 1622 ille
299 1583 365 1622 acer
378 1567 474 1622 custos
488 1564 636 1622 attollere
649 1584 814 1641 numquam

124 1663 165 1722 Te
177 1662 307 1739 patietur
319 1664 407 1721 humo
420 1662 534 1721 lumina
546 1666 632 1739 capta
645 1663 744 1721 semel.
902 1668 935 1722 10

84 1761 194 1819 Etiam
210 1760 235 1818 si
247 1780 356 1837 peuces,
373 1761 444 1819 deus
458 1760 614 1819 exorabilis
626 1761 679 1819 ille
693 1764 747 1833 est,

124 1859 251 1917 simodo
265 1858 425 1935 praesentis
438 1858 546 1917 viderit
560 1878 621 1917 esse
634 1878 744 1934 preces.

84 1957 147 2015 Ista
161 1977 242 2015 senes
255 1957 326 2015 licet
339 1960 477 2015 accusent
490 1956 623 2016 convivia
636 1956 723 2015 duri:

123 2055 183 2114 Nos
196 2056 280 2114 modo
294 2056 484 2133 propositum,
499 2055 570 2128 vita,
585 2058 715 2114 teramus
728 2055 796 2114 iter.
824 2080 830 2095 ·

83 2155 207 2212 Illorum
221 2154 350 2231 antiquis
364 2158 521 2214 onerentur
533 2153 648 2229 legibus
662 2174 765 2213 aures:
899 2160 931 2213 15
1038 2228 1043 2241 .

122 2254 180 2312 Hic
193 2254 274 2312 locus
288 2257 341 2325 est,
356 2254 389 2311 in
403 2274 469 2330 quo,
484 2253 558 2313 tibia
571 2254 665 2324 docta,
681 2273 774 2325 sones,

84 2352 164 2415 Quae
177 2372 236 2410 non
248 2352 313 2411 iure
326 2353 399 2410 vado
413 2351 564 2410 Maeandri
578 2350 656 2409 iacta
668 2352 788 2422 nutasti,

122 2450 231 2526 Turpia
244 2469 311 2508 cum
323 2449 433 2508 iaceret
446 2449 574 2508 Palladis
588 2468 638 2506 ora
650 2451 759 2508 tumor.

82 2550 120 2608 N
116 2569 160 2607 am
173 2551 237 2621 iam,
255 2550 330 2620 dore,
345 2567 430 2622 paros
444 2547 589 2624 Phrygias
602 2566 682 2605 nuno
695 2547 739 2605 ire
752 2567 807 2623 per
820 2548 912 2607 undas

122 2648 161 2706 Et
173 2651 272 2723 petere
285 2646 419 2723 Hyrcani
431 2646 518 2705 litora
530 2649 620 2704 nauta
632 2645 730 2717 maris,
892 2650 927 2703 20

83 2746 223 2821 Spargere
238 2749 268 2804 et
281 2745 393 2803 alterna
407 2764 572 2803 communes
586 2744 671 2802 caede
685 2744 811 2803 Penates

122 2845 161 2903 nt
172 2843 249 2902 ferre
263 2844 299 2901 ad
311 2843 420 2919 patrios
432 2842 561 2919 praemia
574 2841 638 2901 dira
650 2841 756 2900 Lares!

81 2943 147 3000 Una
161 2945 329 3000 contentum
342 2942 450 3017 pudeat
462 2959 509 2998 me
522 2941 623 3001 rivere
636 2939 750 2998 amica?

120 3040 185 3098 Hoc
199 3040 224 3098 si
238 3039 346 3098 crimen
360 3040 425 3112 erit,
442 3039 554 3098 crimen
567 3038 682 3098 Amoris
696 3038 772 3097 erit:

81 3139 125 3195 Mi
138 3156 221 3195 nemo
236 3138 350 3197 obiciat.
392 3139 494 3197 Libeat
508 3137 574 3211 tibi,
591 3135 728 3214 Cynthia,
744 3156 860 3197 mecum
893 3141 927 3194 25

120 3236 243 3295 Roscida
255 3236 392 3303 muscosis
406 3239 489 3296 antra
501 3235 603 3297 tonare
616 3234 703 3310 iugis.
