2122 3728
105 107 191 165 xlviii
411 109 650 169 PRAEFATIO.

148 270 173 322 1.
196 269 244 323 86.
266 265 316 341 qai
328 265 365 322 N.

146 367 171 421 1.
195 367 242 421 98.
264 364 320 421 Pro
339 383 404 423 cera
423 364 523 422 malim
543 384 613 424 acra.
656 365 700 424 Of.
718 369 800 424 ‘sero
820 364 904 424 rata'
922 370 957 424 51

105 481 201 538 supra.
245 461 324 533 Sera,
340 463 387 520 aad
399 482 487 539 quam
501 482 585 539 saepe
598 463 724 523 occurrit
736 463 882 523 novimus.

147 566 172 619 1.
197 561 261 619 107.
282 581 413 638 carusque
427 561 465 620 N.
506 582 650 639 versasque
662 563 704 621 H.

147 665 172 717 1.
197 663 261 717 101.
276 658 367 734 facite
379 664 471 717 aotam
485 659 523 717 N.
558 665 649 718 cotum
662 661 746 732 facite
760 659 812 719 alii
826 661 909 720 codd.

147 763 172 816 1.
197 762 264 817 106.
286 757 419 816 Umbram
433 778 501 835 quac
514 757 552 817 N.
601 759 701 818 Umbra
718 779 803 837 acque
816 779 834 817 a
848 760 880 817 H
894 779 961 819 cum

105 858 268 918 Perreianc.

147 960 173 1016 l.
198 961 262 1013 125.
285 955 341 1013 asia
355 955 393 1013 N.
426 956 498 1013 Asia
510 955 551 1029 H,
565 956 617 1033 qui
631 957 828 1017 demonstrare
837 960 960 1017 conatus

107 1058 151 1114 est
178 1055 264 1113 Aar'm
290 1054 383 1112 fuisse
406 1054 513 1113 montis
537 1054 640 1130 iugum
666 1054 821 1115 imminens
847 1056 961 1134 oppidis

107 1153 203 1213 Asisic
218 1156 248 1212 el
261 1153 406 1228 Hispello.
447 1154 533 1211 Asici
551 1153 756 1213 Lachmannus
772 1155 817 1213 ed.
835 1159 863 1214 1.
903 1155 960 1215 Sed

106 1252 319 1328 Hertzbergius
335 1253 460 1328 primam
474 1252 616 1330 syllabam
629 1252 727 1310 Asiae·
738 1253 856 1327 longam
869 1253 960 1313 fuisse

15 1406 18 1413 .
108 1352 269 1411 confirmat.
309 1353 373 1410 Aul
395 1352 466 1409 Asia
487 1355 539 1410 aut
560 1352 632 1409 osrcr'a
656 1371 758 1410 verum
778 1371 840 1411 esse
865 1352 958 1412 credo.

107 1451 204 1523 Arois,
230 1450 348 1508 Heinsii
375 1449 549 1524 coniectura,
578 1449 696 1508 videtur
722 1450 832 1508 firmari
858 1453 895 1511 ab
922 1456 958 1509 35

108 1569 208 1624 supra:
221 1550 292 1608 Aria
300 1553 400 1608 tamen
409 1568 475 1606 cum
482 1548 678 1624 Hertzbergio
685 1548 802 1626 reliqui,
812 1569 850 1608 ne
862 1552 961 1610 contra

108 1647 198 1706 libros
210 1647 243 1705 in
255 1667 287 1706 re
300 1647 412 1706 incerta
424 1666 582 1722 peccarem.

150 1750 176 1803 l.
201 1750 266 1804 133.
289 1744 464 1804 13101111.
626 1748 652 1804 1.
677 1748 742 1804 140.
763 1744 869 1804 Erudit
882 1745 920 1803 N.

151 1849 176 1901 1.
201 1848 266 1901 141.
288 1844 420 1919 confixam
433 1842 472 1902 N.
514 1843 674 1900 discusserit
686 1843 724 1900 N.

152 1947 177 1999 1.
202 1946 267 2000 142.
288 1947 381 2000 nostro
396 1947 421 1999 te
429 1946 542 2016 premat
555 1960 622 1998 casa
636 1945 682 1998 tuo
696 1940 735 2000 N.

152 2046 177 2097 1.
203 2044 268 2097 144.
289 2059 362 2098 nanc
374 2039 412 2098 N.
638 2043 666 2097 1.
691 2043 755 2096 146.
772 2041 871 2114 prima
883 2039 922 2099 N.

153 2144 179 2196 1.
203 2143 268 2195 149.
291 2158 353 2196 caco
367 2138 405 2210 N,
422 2138 566 2213 Hvulgc.
601 2156 691 2197 cavom
705 2139 749 2196 ed.
786 2159 880 2198 cavum
894 2141 960 2199 Per·

110 2237 235 2295 reianns.
616 2240 644 2294 2.
667 2242 694 2295 3.
717 2242 743 2294 et
756 2258 811 2296 om.
828 2239 866 2312 N,
882 2239 922 2299 H.

151 2339 179 2394 2.
202 2339 229 2391 4.
253 2335 393 2393 Volcaniae
413 2335 451 2395 N.
512 2334 647 2393 Volsinios
666 2336 707 2395 H.
765 2336 906 2396 Volcaniae
927 2338 961 2397 L.

112 2433 283 2492 Muellerus.

152 2539 180 2592 2.
203 2539 230 2592 5.
252 2554 311 2592 mea
325 2535 363 2594 N.
553 2594 559 2607 ,
621 2541 648 2594 2.
674 2542 719 2596 11.
740 2544 873 2598 calentes
886 2540 924 2599 N.

152 2638 180 2691 2.
205 2637 251 2691 12.
273 2634 394 2692 credidr't
406 2633 445 2693 N.
604 2640 632 2694 2.
655 2640 703 2696 21.
730 2637 874 2712 oportuna
886 2637 925 2696 N.

153 2736 181 2789 2.
204 2735 252 2790 31.
274 2732 353 2790 achei
364 2731 403 2789 N.
663 2738 691 2791 2.
714 2738 761 2792 34.
783 2736 876 2795 Favor
888 2735 927 2794 N.

153 2834 181 2887 2.
204 2834 251 2887 35.
274 2830 330 2887 elus
344 2829 385 2887 N.
609 2835 637 2888 2.
661 2832 707 2890 37.
731 2832 875 2908 Sappcrat
887 2833 925 2893 N.

47 2953 48 2957 ¹
153 2932 181 2987 2.
205 2932 251 2985 39.
274 2947 371 2987 curare
392 2927 430 2999 N,
454 2928 495 2987 H.
537 2947 651 2987 curvare
674 2900 855 2989 Passeratilrs
878 2950 894 2989 e
915 2950 966 2990 suc

112 3027 197 3086 libro.
238 3026 380 3084 Putidnm
407 3029 451 3084 est
477 3026 553 3084 illud
586 3028 751 3103 Ayrmanni
786 3029 890 3088 Pastor
916 3049 965 3087 me.

114 3129 257 3186 Pastorem
290 3145 403 3184 curvare
430 3126 538 3201 optime
564 3127 676 3186 dictum
700 3133 745 3188 est
769 3132 800 3188 et
824 3129 969 3204 significat
1060 3154 1061 3187 1

116 3231 255 3284 ‘curvum
264 3228 410 3301 pastorem
424 3225 529 3298 agere‚'
544 3226 630 3300 plane
638 3230 674 3285 ut
690 3226 814 3286 ‘saltare
826 3227 967 3304 Cyclopa’

116 3329 160 3383 est
175 3324 350 3383 ‘saltantem
364 3323 490 3400 Cyclopa
503 3323 608 3398 agere!
680 3329 707 3384 2.
730 3330 778 3386 44.
799 3327 877 3385 viaco
890 3326 929 3386 N.
