2122 3728
121 210 157 264 14
307 205 525 264 ιιιοιιιιιιι
546 206 605 263 ιι.
627 207 784 278 1,11.12.

158 363 222 421 Aut
235 361 297 421 sine
310 367 340 422 te
354 363 433 422 vitae
446 382 517 422 eura
530 363 569 422 sit
581 364 644 422 ulla
656 363 763 422 meae?

120 463 166 520 Tu
178 462 251 520 mihi
264 463 325 522 sola
337 463 448 535 domus,
460 466 504 534 tu,
521 462 658 539 Cynthia,
674 463 735 521 sola
746 466 899 538 parentes,

160 561 264 619 Omnia
276 564 311 619 tu
324 564 439 620 nostrae
452 564 584 637 tempora
595 560 734 620 laetitiae.

121 660 179 719 Seu
191 660 285 719 tristis
297 660 413 719 veniam
426 680 478 719 seu
491 662 592 719 eontra
603 661 698 719 laetus
712 659 823 731 amieis,
896 732 897 736 ἵ
942 666 978 718 25

161 759 310 836 Quidquid
323 779 381 831 ero,
396 759 509 817 dicam:
534 763 553 791 ‘·'
566 758 693 836 Cynthia
706 777 794 817 eausa
807 759 899 818 fuit.”

122 859 168 917 Τιι
180 859 264 917 modo
278 877 365 934 quam
378 856 505 933 primum
518 860 667 933 corruptas
680 857 780 916 desere
794 858 893 917 Baias.

162 957 267 1016 Multis
279 957 337 1016 ista
350 958 462 1015 dabunt
474 957 561 1015 litora
574 955 736 1028 discidium,
780 951 793 1025 -J

124 1056 232 1126 Litora,
248 1075 322 1131 quae
335 1055 454 1114 fuerant
467 1053 554 1113 uastis
567 1052 685 1112 inimica
698 1053 817 1130 puellis.

163 1155 212 1211 Ah
225 1157 346 1229 pereant
359 1153 456 1220 Baiae,
473 1153 582 1211 crimen
596 1153 708 1224 amoris,
724 1154 836 1229 aquae!
944 1159 980 1213 30

516 1347 572 1389 XII.

127 1449 205 1542 Quid
218 1447 430 1604 milfnissdesidiae
441 1466 516 1516 non
514 1467 607 1527 eessas
619 1448 729 1547 finpere
743 1448 865 1532 crimen,

166 1512 251 1629 liupd
262 1546 351 1612 faeiat
363 1545 455 1619 nobis,
472 1546 585 1605 conseia
598 1546 699 1617 Roma,
714 1548 848 1607 moram?

128 1646 199 1704 Tam
211 1647 288 1705 mult
275 1649 306 1704 ta
318 1646 372 1703 illa
384 1665 447 1705 meo
461 1644 555 1703 divisa
569 1648 614 1704 est
609 1633 708 1703 milia
720 1645 807 1717 lecto,

167 1745 317 1810 Quantum
329 1744 466 1822 Hypanis
478 1745 591 1803 Veneto
605 1744 725 1803 dissidet
737 1745 877 1821 Eridano,

127 1845 189 1903 Nee
203 1843 276 1902 mihi
289 1848 440 1903 consuetos
453 1843 590 1919 amplexu
602 1842 698 1902 nutrit
711 1862 821 1902 amores
966 1852 982 1902 5

167 1942 303 2018 Cynthia,
318 1962 372 2001 nee
385 1945 485 2000 nostra
493 1941 588 2000 duleis
600 1942 633 1999 in
643 1961 713 2000 aure
727 1947 819 2001 sonat.

128 2042 206 2100 Olim
219 2044 319 2115 gratus
333 2059 427 2098 eram:
450 2059 510 2098 non
522 2039 574 2097 illo
587 2042 716 2115 tempore
730 2040 869 2116 cuiquam

168 2136 342 2213 Contigitu
321 2141 356 2197 ut
370 2137 458 2195 simili
471 2140 569 2212 posset
582 2156 677 2195 amare
691 2138 757 2196 fide.
954 2176 978 2223 0

127 2238 261 2296 Invidiae
273 2237 399 2296 fuimus:
422 2257 494 2295 num
507 2255 553 2295 me
567 2236 639 2295 deus
652 2236 771 2295 obruit?
792 2255 829 2294 an
844 2257 924 2314 quae

165 2334 449 2395 LeutaPrometheis
462 2334 569 2394 dividit
582 2334 787 2409 herhaiugis?
946 2343 982 2396 10

127 2435 157 2492 N
158 2454 195 2492 on
209 2411 272 2492 sum
287 2453 339 2509 ego
354 2434 407 2511 qui
418 2432 531 2491 fueram
544 2454 551 2490 :
566 2436 663 2492 mutat
677 2433 724 2491 via
736 2433 824 2508 longa
837 2436 973 2511 puellas:

91 2546 95 2557 '
168 2532 302 2596 Quantus
315 2532 347 2590 in
361 2532 468 2606 exiguo
481 2534 613 2608 tempore
626 2531 707 2606 fugit
720 2531 819 2591 amor!

127 2631 214 2689 Nune
227 2630 352 2707 primum
365 2630 466 2706 longas
481 2630 558 2690 solus
572 2648 740 2704 cognoscere
753 2633 853 2688 noctes

167 2729 259 2803 Cogor
272 2728 377 2804 etipse
390 2729 462 2789 meis
475 2728 593 2789 auribus
606 2748 667 2787 esse
681 2727 785 2802 gravis.

56 2835 59 2840 ’
127 2828 222 2899 Felix,
238 2826 290 2903 qui
302 2827 400 2903 potuit
412 2827 558 2903 praesenti
570 2827 640 2886 flere
652 2827 786 2904 puellae:
947 2835 982 2888 15

167 2926 196 2984 N
198 2945 235 2983 on
248 2924 324 2982 nihil
337 2925 460 3001 aspersis
473 2926 581 3002 gaudet
593 2926 684 2984 Amor
695 2925 822 2983 lacrimis
833 2947 840 2997 ;

129 3026 193 3083 Aut
206 3025 231 3082 si
244 3025 397 3100 despectus
409 3026 508 3101 potuit
520 3027 633 3083 mutare
649 3025 774 3083 calores:

170 3122 246 3180 Sunt
259 3140 375 3198 quoque
388 3123 529 3182 translato
543 3123 649 3197 gaudia
662 3123 788 3181 servitio.

130 3218 174 3276 Mi
187 3238 283 3296 neque
296 3238 391 3278 amare
402 3220 489 3278 aliam
499 3241 594 3298 neque
603 3224 639 3280 ab
648 3222 703 3280 hae
712 3221 849 3281 desistere
858 3219 904 3280 fas
915 3225 962 3281 est
974 3244 981 3280 ε

172 3317 299 3395 Cynthia
311 3316 485 3394 primaluit,
502 3320 630 3397 Cynthia
643 3321 710 3379 finis
724 3320 789 3380 erit.
945 3326 984 3378 20
