2122 3728
312 244 530 305 PROPERTII
551 243 610 300 ΕΒ.
632 243 659 312 Ι,
683 247 710 298 5.
734 247 761 297 6.
941 242 956 297 7

147 404 212 463 Aut
225 423 277 463 cur
290 403 344 462 sim
353 406 417 463 toto
430 421 547 478 corpore
560 401 662 459 nullus
675 420 738 475 ego.

108 503 138 561 N
138 522 171 562 ec
184 502 239 563 tibi
252 502 389 562 nobilitas
401 501 510 579 poterit
523 519 689 559 succurrere
703 497 830 558 amanti:

146 600 249 661 Nescit
261 603 353 659 Amor
365 599 468 677 priscis
482 599 582 658 cedere
595 597 781 673 imaginibus.

108 701 193 767 Quod
207 700 232 759 si
244 720 336 777 parva
347 705 416 759 tuae
430 690 542 757 dederis
555 696 679 772 vestigia
693 697 804 773 culpae,
920 701 956 752 25

149 799 243 864 Quam
255 799 314 857 cito
327 798 364 857 de
377 800 461 857 tanto
474 796 591 865 nomine
604 815 703 854 rumor
716 795 773 854 eris
785 795 792 854 Ξ

108 898 137 956 N
138 917 177 957 on
189 917 242 973 ego
254 901 320 957 turn
333 899 434 973 potero
448 895 554 954 solacia
565 893 642 952 ferre
655 894 779 969 roganti,

148 996 222 1056 Gom
235 995 309 1054 mihi
321 995 405 1054 nulla
416 993 475 1052 mei
488 994 527 1052 sit
536 991 680 1068 medicina
692 993 780 1051 mali:

110 1095 168 1154 Sed
179 1094 291 1172 pariter
302 1093 402 1153 miseri
415 1092 491 1152 socio
504 1111 641 1166 cogemur
654 1110 750 1151 amore

148 1193 414 1253 Allerinalterius
426 1196 531 1251 mutua
543 1191 613 1249 flere
627 1190 703 1249 sinu.
922 1197 958 1249 30

109 1292 214 1364 Quare,
229 1292 302 1369 quid
314 1291 406 1369 possit
418 1311 483 1350 mea
497 1290 633 1367 cynthia,
648 1290 756 1364 desine,
772 1290 865 1364 Galle,

148 1390 310 1456 Quaerere:
332 1411 393 1450 non
404 1390 516 1468 inpune
528 1391 582 1450 illa
594 1395 696 1466 rogata
708 1391 800 1450 venit.

512 1531 553 1569 vr.

109 1609 177 1668 Non
190 1628 243 1683 ego
255 1628 334 1669 nunc
347 1610 477 1669 Hadriae
489 1630 591 1670 vereor
603 1630 681 1670 mare
694 1630 812 1670 noscere
824 1615 931 1684 tecum,

149 1708 243 1781 Tulle,
259 1729 356 1786 neque
369 1711 485 1784 Aegaeo
499 1710 605 1768 ducere
617 1711 685 1769 vela
698 1711 767 1782 salo,

109 1806 183 1866 Cum
196 1828 254 1885 quo
267 1808 414 1885 Rhipaeos
425 1809 533 1884 possim
546 1809 737 1868 conscendere
751 1813 873 1883 montes,

147 1906 338 1984 Ulteriusque
351 1907 449 1966 domos
462 1908 568 1967 vadere
581 1908 780 1968 Memnonias:

109 2004 167 2063 Sed
178 2024 225 2064 me
238 2006 405 2082 complexae
417 2011 601 2066 remorantur
613 2009 702 2066 verba
714 2009 840 2085 puellae,
940 2015 957 2067 5

148 2106 322 2184 Mutatoque
336 2126 438 2181 graves
452 2127 536 2184 saepe
550 2109 644 2167 colore
656 2128 765 2185 preces.

109 2204 168 2263 Hla
180 2205 253 2264 mihi
265 2205 337 2265 totis
350 2208 468 2280 argutat
480 2207 616 2266 noctibus
628 2206 719 2281 ignes,

147 2304 187 2363 Ec
200 2304 333 2381 queritur
345 2305 444 2364 nullos
457 2324 518 2364 esse
530 2305 634 2364 relicta
646 2306 732 2365 deos:

107 2403 167 2461 llla
179 2423 273 2462 meam
286 2403 359 2461 mihi
371 2404 430 2461 iam
443 2423 474 2463 se
487 2404 628 2479 denegat:
649 2405 854 2478 illuminatur,

147 2501 229 2566 Quae
242 2502 316 2561 solet
328 2501 440 2579 ingrato
453 2502 548 2562 tristis
560 2503 652 2562 amica
664 2505 737 2564 viro.
921 2513 956 2565 10

108 2600 165 2659 His
178 2620 231 2676 ego
244 2621 303 2660 non
315 2602 417 2660 horam
429 2622 547 2678 possum
560 2603 665 2662 durare
679 2605 836 2681 querellis:

146 2703 196 2760 Ah
207 2706 317 2779 pereat,
333 2703 358 2761 si
371 2703 438 2780 quis
450 2703 549 2762 lentus
562 2723 658 2763 amare
670 2705 785 2781 potest!

107 2802 156 2859 An
168 2801 242 2859 mihi
254 2802 295 2860 sit
305 2801 383 2861 tanti
396 2802 494 2861 doctas
503 2821 674 2877 cognoscere
686 2805 818 2864 Athenas

145 2901 246 2978 Atque
258 2900 347 2960 Asiae
359 2905 472 2959 veteres
486 2920 602 2960 cernere
615 2901 742 2975 divitias,

107 2999 149 3058 Ut
162 2999 235 3057 mihi
248 2999 373 3058 deducta
384 2999 474 3060 iaciat
487 3000 618 3059 convicia
630 3001 723 3076 puppi
920 3011 954 3063 15

145 3097 274 3175 Cynthia
287 3101 318 3158 et
330 3097 440 3157 insanis
454 3118 504 3158 ora
517 3102 601 3159 notet
613 3101 757 3173 manibus,

107 3195 270 3274 Osculaque
283 3197 415 3274 opposito
429 3198 507 3256 dicat
520 3198 575 3257 sibi
588 3198 686 3256 debita
699 3206 795 3272 vento,

145 3296 185 3355 ut
197 3295 272 3354 nihil
284 3294 374 3355 infido
388 3297 491 3358 durius
504 3318 568 3359 esse
581 3297 671 3360 uiro‘l

98 3392 139 3449 Tu
149 3394 253 3468 patrui
264 3395 385 3457 meritas
401 3419 512 3464 conare
526 3401 650 3464 anteire
665 3423 804 3475 secures,
