2122 3728
102 203 198 261 xxviii
408 199 649 259 PRAEFATIO.

142 365 189 418 34.
213 365 258 418 19.
280 357 475 418 meas-umbras
484 357 522 429 N,
532 357 574 415 H.
615 375 688 415 eccae
700 355 811 414 umbrae
825 356 868 415 H.
880 357 917 414 A.
931 357 957 415 I.

102 459 218 531 Munro,
234 458 350 536 optime.

141 563 187 617 34.
210 563 258 616 20.
280 558 364 615 etaim
378 556 415 628 N,
432 556 475 614 H.
514 553 591 613 111110
604 554 756 612 Heinsius.

115 664 117 670 ’
140 661 187 714 34.
210 661 258 715 29.
279 655 382 714 ereebtc'
393 655 431 727 N,
445 653 577 712 Erecthei
590 654 680 727 vulgo
694 671 766 710 corr.
792 651 863 710 lecta
876 651 956 712 libri.

98 754 221 814 fortasse
230 754 344 829 plectri.
385 753 518 812 Erecthei
530 752 608 811 enim
626 770 732 810 nomen
750 750 872 827 aliquod
885 751 958 826 fleg·

98 854 164 912 itat.
206 853 272 911 lecti
284 852 568 930 (studying-couch),
584 851 763 925 Postgatius.

139 957 186 1009 34.
210 956 257 1009 31.
277 970 416 1009 memorem
426 949 800 1022 mecieN,mccismemorem
807 947 958 1007 Hambur·

99 1050 204 1124 gensis,
220 1049 280 1108 alii
312 1049 405 1107 Music
413 1049 550 1107 meliorem
563 1048 603 1121 H,
619 1067 657 1106 ex
669 1046 808 1120 scaligeri
822 1047 959 1105 emenda·

98 1151 187 1208 tione.
210 1148 468 1208 Rectemeiudice.
489 1146 958 1207 meliorldusisestmels’orc'ede'ceb

100 1248 258 1319 Musaeum,
281 1247 373 1305 Musis
393 1249 500 1322 eceept'
531 1292 538 1304 .
579 1246 691 1318 Musae,
706 1246 812 1304 chorus
832 1244 885 1321 qui
899 1263 958 1302 non

98 1347 192 1406 nescit
205 1365 311 1418 amare,
325 1345 421 1422 pluris
435 1346 592 1405 aestimant
604 1344 747 1404 lascivum
756 1347 874 1421 poetam
887 1343 957 1402 Phi-

98 1446 188 1503 lotam
202 1464 314 1503 amores
328 1444 529 1517 meditantem,
541 1464 629 1521 quam
638 1443 753 1502 tristem
763 1461 862 1501 senem
871 1442 958 1500 illum

100 1544 278 1602 Erectheum
291 1542 411 1601 solitum
425 1561 506 1600 arma
518 1543 655 1620 virosque
666 1560 778 1600 canere.
813 1540 957 1598 Burman-

99 1663 155 1700 nus
173 1642 225 1719 qui
248 1642 346 1700 locum
366 1645 445 1701 recte
465 1643 601 1718 exposuit
623 1641 731 1717 optime
752 1641 878 1700 contulit
900 1640 955 1698 Ov.

100 1742 184 1799 Rem.
201 1741 276 1800 761:
299 1741 348 1799 Me
365 1744 444 1799 certo
466 1741 582 1816 Sappho
602 1741 739 1799 meliorem
751 1740 825 1815 secet
843 1740 954 1798 amicae.

101 1841 146 1898 De
165 1832 234 1899 vero
254 1859 340 1899 sensu
362 1839 573 1898 emendationis
594 1859 664 1898 suae
682 1859 742 1897 non
757 1838 841 1897 video
866 1837 957 1897 Scali-

102 1959 203 2010 gerum
216 1940 314 2014 ipsum
323 1937 473 2012 cogitasse.
495 1938 635 2013 Meropem
648 1937 793 2012 Bergkius
807 1936 958 2014 splendide

102 2058 161 2096 non
174 2058 251 2097 vere.
649 2085 652 2092 .

144 2141 191 2195 34.
214 2142 261 2194 33.
283 2155 384 2195 rursus
405 2137 443 2194 N.
495 2142 542 2195 34.
566 2143 613 2196 34.
628 2137 727 2213 fectae
748 2137 786 2194 N.
837 2141 885 2195 34.
909 2135 956 2194 37.

105 2238 186 2295 orion
199 2236 239 2293 N.

144 2340 191 2393 34.
216 2339 263 2395 39.
285 2334 352 2395 Noe
365 2336 554 2410 cmptiereree
568 2336 598 2394 N
609 2355 654 2412 pr.
675 2335 848 2410 amebicreee
857 2333 886 2392 N
900 2353 958 2393 sec

102 2433 310 2508 Amphiareae
329 2433 404 2492 head
417 2439 540 2510 preeunt
555 2435 596 2507 H,
612 2435 728 2509 prestet
746 2433 785 2492 N.
825 2432 959 2492 Paleium

104 2537 223 2591 secutus
237 2552 302 2590 sum
314 2532 372 2590 nisi
386 2533 464 2610 quod
472 2532 657 2607 prestabilis
670 2531 752 2605 legit.

144 2635 190 2688 34.
213 2635 261 2688 41.
284 2636 311 2689 et
323 2631 402 2703 libri,
418 2632 460 2704 H,
477 2651 515 2690 ex
529 2630 665 2708 sequenti
679 2631 837 2705 sumptum.
865 2648 898 2687 ec
910 2630 959 2688 vel

103 2733 158 2788 iem
172 2730 216 2788 ed.
237 2730 283 2788 De
299 2731 398 2789 eodem
412 2731 558 2808 Aeschylo
571 2730 669 2806 pergit
678 2733 772 2806 poeta.
794 2729 909 2787 eeebc'leo
919 2729 957 2800 N,

101 2829 229 2888 Achilleo
247 2827 298 2887 alii
319 2829 397 2902 libri,
422 2829 560 2903 Scaliger.
606 2829 663 2888 Sed
677 2828 714 2889 cf.
731 2827 890 2904 Sophocleo
914 2847 959 2885 co-

104 2930 221 3002 thurno,
248 2927 302 2984 ov.
317 2927 384 2984 am.
406 2932 430 2985 1.
449 2932 557 2987 15.15.

144 3032 191 3085 34.
213 3031 260 3084 53.
282 3025 394 3102 aliquid
405 3025 521 3084 restabit
535 3025 572 3097 N,
588 3027 676 3085 eadee
689 3046 744 3085 om.
762 3025 800 3083 N.
841 3029 959 3083 reetaee·

104 3126 244 3184 rituedes
257 3125 290 3197 P,
306 3124 396 3184 multi
408 3123 487 3182 libri.
510 3124 613 3200 aliquis
623 3126 695 3183 sedet
704 3125 808 3183 arbiter
818 3124 906 3181 cedas
915 3122 956 3193 H,

104 3225 244 3283 Iacobum
255 3226 382 3282 secutus.
427 3222 538 3299 aliquid
548 3223 711 3282 certabimus
723 3224 811 3281 eudes
825 3223 859 3279 Ε.
875 3221 959 3280 Was·

105 3323 294 3398 senberghius
314 3323 473 3382 certissima
491 3322 665 3382 coniectura.
698 3323 729 3382 si
747 3322 814 3400 quis
831 3319 956 3391 dubitet,
