<?xml version="1.0" encoding="UTF-8"?>
<!DOCTYPE html PUBLIC "-//W3C//DTD XHTML 1.0 Transitional//EN"
    "http://www.w3.org/TR/xhtml1/DTD/xhtml1-transitional.dtd">
<html xmlns="http://www.w3.org/1999/xhtml" xml:lang="en" lang="en">
 <head>
  <title>
</title>
<meta http-equiv="Content-Type" content="text/html;charset=utf-8" />
  <meta name='ocr-system' content='tesseract 3.04.00' />
  <meta name='ocr-capabilities' content='ocr_page ocr_carea ocr_par ocr_line ocrx_word'/>
</head>
<body>
  <div class='ocr_page' id='page_1' title='image "./sexpropertiiele01propgoog_0070.png"; bbox 0 0 2122 3728; ppageno 0'>
   <div class='ocr_carea' id='block_1_1' title="bbox 278 549 695 630">
    <p class='ocr_par' dir='ltr' id='par_1_1' title="bbox 278 549 695 630">
     <span class='ocr_line' id='line_1_1' title="bbox 278 549 695 630; baseline -0.01 0"><span class='ocrx_word' id='word_1_1' title='bbox 278 549 695 630; x_wconf 77' lang='lat' dir='ltr'><strong>POSTSORIPTUM.</strong></span> 
     </span>
    </p>
   </div>
   <div class='ocr_carea' id='block_1_2' title="bbox 412 764 562 805">
    <p class='ocr_par' dir='ltr' id='par_1_2' title="bbox 412 764 562 805">
     <span class='ocr_line' id='line_1_2' title="bbox 412 764 562 805; baseline 0 0"><span class='ocrx_word' id='word_1_2' title='bbox 412 764 562 805; x_wconf 52' lang='grc' dir='ltr'>-φ-</span> 
     </span>
    </p>
   </div>
   <div class='ocr_carea' id='block_1_3' title="bbox 61 929 959 3094">
    <p class='ocr_par' dir='ltr' id='par_1_3' title="bbox 61 929 959 3094">
     <span class='ocr_line' id='line_1_3' title="bbox 62 929 916 1002; baseline 0 -1"><span class='ocrx_word' id='word_1_3' title='bbox 62 942 128 1001; x_wconf 86' lang='lat' dir='ltr'>Hoo</span> <span class='ocrx_word' id='word_1_4' title='bbox 150 941 251 1002; x_wconf 89' lang='lat' dir='ltr'>libello</span> <span class='ocrx_word' id='word_1_5' title='bbox 274 942 393 1000; x_wconf 88' lang='lat' dir='ltr'>tantum</span> <span class='ocrx_word' id='word_1_6' title='bbox 418 959 478 1000; x_wconf 89' lang='lat' dir='ltr'>non</span> <span class='ocrx_word' id='word_1_7' title='bbox 501 940 634 1001; x_wconf 84' lang='lat' dir='ltr'>absoluto</span> <span class='ocrx_word' id='word_1_8' title='bbox 657 938 690 998; x_wconf 89' lang='lat' dir='ltr'>in</span> <span class='ocrx_word' id='word_1_9' title='bbox 712 929 816 999; x_wconf 84' lang='lat' dir='ltr'>manue</span> <span class='ocrx_word' id='word_1_10' title='bbox 837 960 916 1001; x_wconf 82' lang='lat' dir='ltr'>meae</span> 
     </span>
     <span class='ocr_line' id='line_1_4' title="bbox 62 1038 916 1116; baseline -0.004 -16"><span class='ocrx_word' id='word_1_11' title='bbox 62 1041 145 1100; x_wconf 85' lang='lat' dir='ltr'>venit</span> <span class='ocrx_word' id='word_1_12' title='bbox 158 1038 248 1100; x_wconf 90' lang='lat' dir='ltr'>editio</span> <span class='ocrx_word' id='word_1_13' title='bbox 260 1039 442 1112; x_wconf 82' lang='lat' dir='ltr'>Baehrenoii‚</span> <span class='ocrx_word' id='word_1_14' title='bbox 461 1058 533 1116; x_wconf 82' lang='lat' dir='ltr'>opus</span> <span class='ocrx_word' id='word_1_15' title='bbox 546 1058 615 1098; x_wconf 87' lang='lat' dir='ltr'>sane</span> <span class='ocrx_word' id='word_1_16' title='bbox 628 1058 767 1113; x_wconf 84' lang='lat' dir='ltr'>magnum</span> <span class='ocrx_word' id='word_1_17' title='bbox 781 1041 812 1099; x_wconf 88' lang='lat' dir='ltr'>et</span> <span class='ocrx_word' id='word_1_18' title='bbox 825 1038 916 1098; x_wconf 92' lang='lat' dir='ltr'>omni-</span> 
     </span>
     <span class='ocr_line' id='line_1_5' title="bbox 61 1137 917 1215; baseline -0.004 -17"><span class='ocrx_word' id='word_1_19' title='bbox 61 1140 118 1198; x_wconf 83' lang='lat' dir='ltr'>bns</span> <span class='ocrx_word' id='word_1_20' title='bbox 143 1138 329 1215; x_wconf 84' lang='lat' dir='ltr'>Propertium</span> <span class='ocrx_word' id='word_1_21' title='bbox 354 1138 475 1215; x_wconf 80' lang='lat' dir='ltr'>posthae</span> <span class='ocrx_word' id='word_1_22' title='bbox 498 1137 622 1197; x_wconf 83' lang='lat' dir='ltr'>edituris</span> <span class='ocrx_word' id='word_1_23' title='bbox 647 1157 700 1214; x_wconf 90' lang='lat' dir='ltr'>pro</span> <span class='ocrx_word' id='word_1_24' title='bbox 725 1137 917 1196; x_wconf 80' lang='lat' dir='ltr'>fundamento</span> 
     </span>
     <span class='ocr_line' id='line_1_6' title="bbox 63 1236 918 1316; baseline -0.005 -18"><span class='ocrx_word' id='word_1_25' title='bbox 63 1238 159 1316; x_wconf 82' lang='lat' dir='ltr'>operis</span> <span class='ocrx_word' id='word_1_26' title='bbox 171 1237 348 1311; x_wconf 89' lang='lat' dir='ltr'>habendum,</span> <span class='ocrx_word' id='word_1_27' title='bbox 363 1238 448 1296; x_wconf 90' lang='lat' dir='ltr'>modo</span> <span class='ocrx_word' id='word_1_28' title='bbox 462 1237 522 1297; x_wconf 82' lang='lat' dir='ltr'>sint</span> <span class='ocrx_word' id='word_1_29' title='bbox 535 1256 605 1296; x_wconf 85' lang='lat' dir='ltr'>vera</span> <span class='ocrx_word' id='word_1_30' title='bbox 618 1256 693 1314; x_wconf 88' lang='lat' dir='ltr'>quae</span> <span class='ocrx_word' id='word_1_31' title='bbox 706 1236 857 1313; x_wconf 75' lang='lat' dir='ltr'><strong>proposuit</strong></span> <span class='ocrx_word' id='word_1_32' title='bbox 866 1236 918 1295; x_wconf 93' lang='lat' dir='ltr'>ille</span> 
     </span>
     <span class='ocr_line' id='line_1_7' title="bbox 63 1335 919 1415; baseline -0.002 -19"><span class='ocrx_word' id='word_1_33' title='bbox 63 1339 100 1398; x_wconf 91' lang='lat' dir='ltr'>de</span> <span class='ocrx_word' id='word_1_34' title='bbox 114 1339 272 1415; x_wconf 80' lang='lat' dir='ltr'>archetypo</span> <span class='ocrx_word' id='word_1_35' title='bbox 286 1356 325 1396; x_wconf 87' lang='lat' dir='ltr'>ex</span> <span class='ocrx_word' id='word_1_36' title='bbox 339 1339 479 1415; x_wconf 85' lang='lat' dir='ltr'>quattuor</span> <span class='ocrx_word' id='word_1_37' title='bbox 492 1337 639 1397; x_wconf 75' lang='lat' dir='ltr'><strong>codicibus</strong></span> <span class='ocrx_word' id='word_1_38' title='bbox 652 1337 776 1395; x_wconf 87' lang='lat' dir='ltr'>antehae</span> <span class='ocrx_word' id='word_1_39' title='bbox 788 1335 919 1394; x_wconf 89' lang='lat' dir='ltr'>haudita</span> 
     </span>
     <span class='ocr_line' id='line_1_8' title="bbox 64 1433 959 1512; baseline -0.004 -16"><span class='ocrx_word' id='word_1_40' title='bbox 64 1435 334 1512; x_wconf 81' lang='lat' dir='ltr'>magnlaeatimotie</span> <span class='ocrx_word' id='word_1_41' title='bbox 347 1435 581 1511; x_wconf 87' lang='lat' dir='ltr'>redintegrando.</span> <span class='ocrx_word' id='word_1_42' title='bbox 602 1434 719 1512; x_wconf 85' lang='lat' dir='ltr'>Optime</span> <span class='ocrx_word' id='word_1_43' title='bbox 727 1434 825 1493; x_wconf 78' lang='lat' dir='ltr'>hercle</span> <span class='ocrx_word' id='word_1_44' title='bbox 832 1433 919 1493; x_wconf 89' lang='lat' dir='ltr'>meri-</span> <span class='ocrx_word' id='word_1_45' title='bbox 957 1450 959 1455; x_wconf 87' lang='lat'>·</span> 
     </span>
     <span class='ocr_line' id='line_1_9' title="bbox 63 1533 920 1611; baseline -0.005 -16"><span class='ocrx_word' id='word_1_46' title='bbox 63 1539 115 1595; x_wconf 83' lang='lat' dir='ltr'>tue</span> <span class='ocrx_word' id='word_1_47' title='bbox 128 1536 174 1594; x_wconf 80' lang='lat' dir='ltr'>eat</span> <span class='ocrx_word' id='word_1_48' title='bbox 186 1534 222 1594; x_wconf 91' lang='lat' dir='ltr'>de</span> <span class='ocrx_word' id='word_1_49' title='bbox 235 1533 387 1610; x_wconf 77' lang='lat' dir='ltr'>Propertio</span> <span class='ocrx_word' id='word_1_50' title='bbox 396 1535 444 1594; x_wconf 82' lang='lat' dir='ltr'>vir</span> <span class='ocrx_word' id='word_1_51' title='bbox 456 1533 649 1607; x_wconf 79' lang='lat' dir='ltr'>doctissimus,</span> <span class='ocrx_word' id='word_1_52' title='bbox 661 1533 714 1611; x_wconf 88' lang='lat' dir='ltr'>qui</span> <span class='ocrx_word' id='word_1_53' title='bbox 727 1533 863 1610; x_wconf 84' lang='lat' dir='ltr'>antiquos</span> <span class='ocrx_word' id='word_1_54' title='bbox 874 1551 920 1591; x_wconf 86' lang='lat' dir='ltr'>oo-</span> 
     </span>
     <span class='ocr_line' id='line_1_10' title="bbox 65 1632 920 1713; baseline -0.005 -19"><span class='ocrx_word' id='word_1_55' title='bbox 65 1632 920 1713; x_wconf 81' lang='lat' dir='ltr'>dieeeA(Vossianum)F(Laurentianum)V(Vatieanum)</span> 
     </span>
     <span class='ocr_line' id='line_1_11' title="bbox 66 1729 922 1811; baseline -0.002 -19"><span class='ocrx_word' id='word_1_56' title='bbox 66 1733 94 1792; x_wconf 88' lang='lat' dir='ltr'>D</span> <span class='ocrx_word' id='word_1_57' title='bbox 104 1732 362 1811; x_wconf 78' lang='lat' dir='ltr'>(Darentrianum)</span> <span class='ocrx_word' id='word_1_58' title='bbox 369 1753 421 1792; x_wconf 80' lang='lat' dir='ltr'>auo</span> <span class='ocrx_word' id='word_1_59' title='bbox 429 1733 548 1792; x_wconf 86' lang='lat' dir='ltr'>tandem</span> <span class='ocrx_word' id='word_1_60' title='bbox 554 1732 659 1791; x_wconf 88' lang='lat' dir='ltr'>honori</span> <span class='ocrx_word' id='word_1_61' title='bbox 665 1731 833 1791; x_wconf 88' lang='lat' dir='ltr'>reddiderit.</span> <span class='ocrx_word' id='word_1_62' title='bbox 844 1729 922 1790; x_wconf 85' lang='lat' dir='ltr'>Mihi</span> 
     </span>
     <span class='ocr_line' id='line_1_12' title="bbox 66 1829 922 1906; baseline -0.005 -14"><span class='ocrx_word' id='word_1_63' title='bbox 66 1836 175 1904; x_wconf 86' lang='lat' dir='ltr'>tamen,</span> <span class='ocrx_word' id='word_1_64' title='bbox 186 1830 242 1890; x_wconf 83' lang='lat' dir='ltr'>etei</span> <span class='ocrx_word' id='word_1_65' title='bbox 249 1830 298 1890; x_wconf 83' lang='lat' dir='ltr'>vel</span> <span class='ocrx_word' id='word_1_66' title='bbox 304 1833 371 1906; x_wconf 83' lang='lat' dir='ltr'>poet</span> <span class='ocrx_word' id='word_1_67' title='bbox 378 1831 497 1905; x_wconf 88' lang='lat' dir='ltr'>longam</span> <span class='ocrx_word' id='word_1_68' title='bbox 504 1829 742 1890; x_wconf 81' lang='lat' dir='ltr'>deliberationem</span> <span class='ocrx_word' id='word_1_69' title='bbox 751 1830 922 1889; x_wconf 89' lang='lat' dir='ltr'>aBaehren-</span> 
     </span>
     <span class='ocr_line' id='line_1_13' title="bbox 68 1928 920 2006; baseline 0 -18"><span class='ocrx_word' id='word_1_70' title='bbox 68 1929 110 1989; x_wconf 82' lang='lat' dir='ltr'>sio</span> <span class='ocrx_word' id='word_1_71' title='bbox 119 1928 380 2006; x_wconf 82' lang='lat' dir='ltr'>dequaeationibue</span> <span class='ocrx_word' id='word_1_72' title='bbox 389 1929 496 1989; x_wconf 81' lang='lat' dir='ltr'>eritioia</span> <span class='ocrx_word' id='word_1_73' title='bbox 505 1929 659 1989; x_wconf 80' lang='lat' dir='ltr'>dissentire</span> <span class='ocrx_word' id='word_1_74' title='bbox 666 1928 920 2005; x_wconf 78' lang='lat' dir='ltr'>periculosumest,</span> 
     </span>
     <span class='ocr_line' id='line_1_14' title="bbox 68 2027 923 2105; baseline 0.001 -18"><span class='ocrx_word' id='word_1_75' title='bbox 68 2029 249 2105; x_wconf 76' lang='lat' dir='ltr'>propositum</span> <span class='ocrx_word' id='word_1_76' title='bbox 262 2031 434 2088; x_wconf 83' lang='lat' dir='ltr'>eonseoutus</span> <span class='ocrx_word' id='word_1_77' title='bbox 446 2028 499 2088; x_wconf 85' lang='lat' dir='ltr'>ilie</span> <span class='ocrx_word' id='word_1_78' title='bbox 511 2048 571 2088; x_wconf 93' lang='lat' dir='ltr'>non</span> <span class='ocrx_word' id='word_1_79' title='bbox 584 2029 710 2102; x_wconf 79' lang='lat' dir='ltr'>videtur,</span> <span class='ocrx_word' id='word_1_80' title='bbox 727 2048 794 2088; x_wconf 88' lang='lat' dir='ltr'>eum</span> <span class='ocrx_word' id='word_1_81' title='bbox 807 2027 923 2088; x_wconf 81' lang='lat' dir='ltr'>existis</span> 
     </span>
     <span class='ocr_line' id='line_1_15' title="bbox 69 2126 923 2205; baseline -0.002 -18"><span class='ocrx_word' id='word_1_82' title='bbox 69 2126 215 2187; x_wconf 76' lang='lat' dir='ltr'>codicibus</span> <span class='ocrx_word' id='word_1_83' title='bbox 229 2126 297 2185; x_wconf 80' lang='lat' dir='ltr'>eolis</span> <span class='ocrx_word' id='word_1_84' title='bbox 314 2128 506 2205; x_wconf 78' lang='lat' dir='ltr'>archetypum</span> <span class='ocrx_word' id='word_1_85' title='bbox 522 2127 698 2187; x_wconf 83' lang='lat' dir='ltr'>constituere</span> <span class='ocrx_word' id='word_1_86' title='bbox 712 2130 833 2186; x_wconf 80' lang='lat' dir='ltr'>conatus</span> <span class='ocrx_word' id='word_1_87' title='bbox 846 2126 923 2185; x_wconf 83' lang='lat' dir='ltr'>Nea·</span> 
     </span>
     <span class='ocr_line' id='line_1_16' title="bbox 68 2225 923 2304; baseline -0.001 -19"><span class='ocrx_word' id='word_1_88' title='bbox 68 2225 234 2303; x_wconf 84' lang='lat' dir='ltr'>politanum</span> <span class='ocrx_word' id='word_1_89' title='bbox 250 2225 283 2284; x_wconf 93' lang='lat' dir='ltr'>in</span> <span class='ocrx_word' id='word_1_90' title='bbox 297 2228 456 2287; x_wconf 85' lang='lat' dir='ltr'>seeundum</span> <span class='ocrx_word' id='word_1_91' title='bbox 476 2227 608 2286; x_wconf 87' lang='lat' dir='ltr'>ordinem</span> <span class='ocrx_word' id='word_1_92' title='bbox 646 2229 660 2286; x_wconf 91' lang='lat' dir='ltr'>t</span> <span class='ocrx_word' id='word_1_93' title='bbox 679 2225 923 2304; x_wconf 83' lang='lat' dir='ltr'>interpolatorum</span> 
     </span>
     <span class='ocr_line' id='line_1_17' title="bbox 69 2324 932 2402; baseline -0.002 -18"><span class='ocrx_word' id='word_1_94' title='bbox 69 2324 213 2402; x_wconf 87' lang='lat' dir='ltr'>optimum</span> <span class='ocrx_word' id='word_1_95' title='bbox 238 2325 361 2400; x_wconf 80' lang='lat' dir='ltr'>redegit.</span> <span class='ocrx_word' id='word_1_96' title='bbox 417 2326 530 2385; x_wconf 82' lang='lat' dir='ltr'>Multos</span> <span class='ocrx_word' id='word_1_97' title='bbox 555 2326 634 2385; x_wconf 88' lang='lat' dir='ltr'>loeos</span> <span class='ocrx_word' id='word_1_98' title='bbox 657 2325 736 2384; x_wconf 90' lang='lat' dir='ltr'>enim</span> <span class='ocrx_word' id='word_1_99' title='bbox 762 2344 829 2384; x_wconf 85' lang='lat' dir='ltr'>oum</span> <span class='ocrx_word' id='word_1_100' title='bbox 856 2333 932 2383; x_wconf 88' lang='lat' dir='ltr'>oon-&#39;</span> 
     </span>
     <span class='ocr_line' id='line_1_18' title="bbox 70 2422 924 2501; baseline -0.002 -19"><span class='ocrx_word' id='word_1_101' title='bbox 70 2422 172 2497; x_wconf 78' lang='lat' dir='ltr'>sidero,</span> <span class='ocrx_word' id='word_1_102' title='bbox 188 2423 241 2482; x_wconf 88' lang='lat' dir='ltr'>ubi</span> <span class='ocrx_word' id='word_1_103' title='bbox 253 2424 284 2483; x_wconf 87' lang='lat' dir='ltr'>N</span> <span class='ocrx_word' id='word_1_104' title='bbox 304 2423 437 2500; x_wconf 84' lang='lat' dir='ltr'>quamvis</span> <span class='ocrx_word' id='word_1_105' title='bbox 451 2427 606 2501; x_wconf 78' lang='lat' dir='ltr'>corruptus</span> <span class='ocrx_word' id='word_1_106' title='bbox 625 2423 751 2498; x_wconf 85' lang='lat' dir='ltr'>vestigia</span> <span class='ocrx_word' id='word_1_107' title='bbox 763 2442 849 2483; x_wconf 84' lang='lat' dir='ltr'>verae</span> <span class='ocrx_word' id='word_1_108' title='bbox 864 2423 924 2480; x_wconf 89' lang='lat' dir='ltr'>leo-</span> 
     </span>
     <span class='ocr_line' id='line_1_19' title="bbox 69 2521 922 2598; baseline -0.002 -18"><span class='ocrx_word' id='word_1_109' title='bbox 69 2521 160 2581; x_wconf 83' lang='lat' dir='ltr'>tionis</span> <span class='ocrx_word' id='word_1_110' title='bbox 176 2521 263 2581; x_wconf 86' lang='lat' dir='ltr'>uniee</span> <span class='ocrx_word' id='word_1_111' title='bbox 277 2526 374 2582; x_wconf 88' lang='lat' dir='ltr'>servat</span> <span class='ocrx_word' id='word_1_112' title='bbox 393 2543 419 2583; x_wconf 91' lang='lat' dir='ltr'>e.</span> <span class='ocrx_word' id='word_1_113' title='bbox 435 2543 477 2598; x_wconf 86' lang='lat' dir='ltr'>gr.</span> <span class='ocrx_word' id='word_1_114' title='bbox 494 2528 521 2581; x_wconf 90' lang='grc'>3.</span> <span class='ocrx_word' id='word_1_115' title='bbox 538 2528 565 2582; x_wconf 91' lang='grc'>6.</span> <span class='ocrx_word' id='word_1_116' title='bbox 581 2527 638 2582; x_wconf 74' lang='grc' dir='ltr'>22ε</span> <span class='ocrx_word' id='word_1_117' title='bbox 663 2528 689 2598; x_wconf 88' lang='grc'>3,</span> <span class='ocrx_word' id='word_1_118' title='bbox 707 2527 752 2595; x_wconf 83' lang='grc'>15,</span> <span class='ocrx_word' id='word_1_119' title='bbox 770 2527 808 2580; x_wconf 82' lang='lat'>3:</span> <span class='ocrx_word' id='word_1_120' title='bbox 828 2526 857 2594; x_wconf 83' lang='lat'>2,</span> <span class='ocrx_word' id='word_1_121' title='bbox 873 2521 922 2594; x_wconf 83' lang='lat'>27,</span> 
     </span>
     <span class='ocr_line' id='line_1_20' title="bbox 71 2620 925 2698; baseline -0.001 -19"><span class='ocrx_word' id='word_1_122' title='bbox 71 2621 110 2679; x_wconf 79' lang='lat'>7:</span> <span class='ocrx_word' id='word_1_123' title='bbox 139 2625 167 2694; x_wconf 87' lang='grc'>2,</span> <span class='ocrx_word' id='word_1_124' title='bbox 191 2624 238 2691; x_wconf 87' lang='grc'>23,</span> <span class='ocrx_word' id='word_1_125' title='bbox 261 2625 320 2679; x_wconf 77' lang='grc' dir='ltr'>22ε</span> <span class='ocrx_word' id='word_1_126' title='bbox 351 2625 379 2679; x_wconf 85' lang='grc'>3.</span> <span class='ocrx_word' id='word_1_127' title='bbox 400 2625 427 2680; x_wconf 88' lang='grc'>5.</span> <span class='ocrx_word' id='word_1_128' title='bbox 450 2626 487 2681; x_wconf 84' lang='lat'>6:</span> <span class='ocrx_word' id='word_1_129' title='bbox 517 2621 657 2698; x_wconf 85' lang='lat' dir='ltr'>quosdam</span> <span class='ocrx_word' id='word_1_130' title='bbox 679 2621 732 2680; x_wconf 87' lang='lat' dir='ltr'>ubi</span> <span class='ocrx_word' id='word_1_131' title='bbox 751 2621 816 2698; x_wconf 87' lang='lat' dir='ltr'>ipsa</span> <span class='ocrx_word' id='word_1_132' title='bbox 835 2620 925 2679; x_wconf 83' lang='lat' dir='ltr'>verba</span> 
     </span>
     <span class='ocr_line' id='line_1_21' title="bbox 70 2719 925 2797; baseline -0.002 -18"><span class='ocrx_word' id='word_1_133' title='bbox 70 2723 174 2796; x_wconf 88' lang='lat' dir='ltr'>poetae</span> <span class='ocrx_word' id='word_1_134' title='bbox 193 2738 253 2778; x_wconf 93' lang='lat' dir='ltr'>non</span> <span class='ocrx_word' id='word_1_135' title='bbox 265 2719 319 2778; x_wconf 84' lang='lat' dir='ltr'>illa</span> <span class='ocrx_word' id='word_1_136' title='bbox 339 2719 457 2797; x_wconf 89' lang='lat' dir='ltr'>quidem</span> <span class='ocrx_word' id='word_1_137' title='bbox 476 2719 607 2779; x_wconf 77' lang='lat' dir='ltr'>faciliora</span> <span class='ocrx_word' id='word_1_138' title='bbox 624 2719 779 2780; x_wconf 81' lang='lat' dir='ltr'>intellectu</span> <span class='ocrx_word' id='word_1_139' title='bbox 798 2736 925 2796; x_wconf 87' lang='lat' dir='ltr'>nequee</span> 
     </span>
     <span class='ocr_line' id='line_1_22' title="bbox 72 2817 924 2895; baseline -0.005 -18"><span class='ocrx_word' id='word_1_140' title='bbox 72 2818 238 2878; x_wconf 90' lang='lat' dir='ltr'>oonieotura</span> <span class='ocrx_word' id='word_1_141' title='bbox 255 2818 391 2895; x_wconf 83' lang='lat' dir='ltr'>suppleta</span> <span class='ocrx_word' id='word_1_142' title='bbox 404 2819 482 2878; x_wconf 82' lang='lat' dir='ltr'>solus</span> <span class='ocrx_word' id='word_1_143' title='bbox 494 2818 664 2895; x_wconf 81' lang='lat' dir='ltr'>incorrupta</span> <span class='ocrx_word' id='word_1_144' title='bbox 676 2817 816 2877; x_wconf 85' lang='lat' dir='ltr'>tradidit:</span> <span class='ocrx_word' id='word_1_145' title='bbox 839 2836 863 2874; x_wconf 93' lang='lat' dir='ltr'>e.</span> <span class='ocrx_word' id='word_1_146' title='bbox 880 2834 924 2890; x_wconf 88' lang='lat' dir='ltr'>gr.</span> 
     </span>
     <span class='ocr_line' id='line_1_23' title="bbox 73 2912 926 2992; baseline -0.004 -16"><span class='ocrx_word' id='word_1_147' title='bbox 73 2923 102 2978; x_wconf 86' lang='lat'>4.</span> <span class='ocrx_word' id='word_1_148' title='bbox 117 2923 146 2976; x_wconf 86' lang='lat'>4.</span> <span class='ocrx_word' id='word_1_149' title='bbox 162 2922 209 2991; x_wconf 82' lang='lat'>55,</span> <span class='ocrx_word' id='word_1_150' title='bbox 224 2918 347 2977; x_wconf 85' lang='lat' dir='ltr'>fortasse</span> <span class='ocrx_word' id='word_1_151' title='bbox 361 2923 389 2976; x_wconf 92' lang='grc'>2.</span> <span class='ocrx_word' id='word_1_152' title='bbox 406 2922 452 2977; x_wconf 87' lang='grc'>32.</span> <span class='ocrx_word' id='word_1_153' title='bbox 467 2922 524 2976; x_wconf 79' lang='lat'>22:</span> <span class='ocrx_word' id='word_1_154' title='bbox 547 2937 614 2977; x_wconf 86' lang='lat' dir='ltr'>oum</span> <span class='ocrx_word' id='word_1_155' title='bbox 622 2917 756 2976; x_wconf 81' lang='lat' dir='ltr'>recordor</span> <span class='ocrx_word' id='word_1_156' title='bbox 769 2916 842 2992; x_wconf 88' lang='lat' dir='ltr'>quot</span> <span class='ocrx_word' id='word_1_157' title='bbox 855 2912 926 2973; x_wconf 80' lang='lat' dir='ltr'>loeis</span> 
     </span>
     <span class='ocr_line' id='line_1_24' title="bbox 74 3012 926 3094; baseline -0.005 -20"><span class='ocrx_word' id='word_1_158' title='bbox 74 3015 167 3076; x_wconf 85' lang='lat' dir='ltr'>soriba</span> <span class='ocrx_word' id='word_1_159' title='bbox 185 3019 264 3076; x_wconf 86' lang='lat' dir='ltr'>eerte</span> <span class='ocrx_word' id='word_1_160' title='bbox 276 3035 336 3075; x_wconf 93' lang='lat' dir='ltr'>non</span> <span class='ocrx_word' id='word_1_161' title='bbox 348 3036 401 3094; x_wconf 87' lang='lat' dir='ltr'>per</span> <span class='ocrx_word' id='word_1_162' title='bbox 418 3016 579 3076; x_wconf 76' lang='lat' dir='ltr'>doctrinam</span> <span class='ocrx_word' id='word_1_163' title='bbox 591 3017 683 3075; x_wconf 88' lang='lat' dir='ltr'>ullam</span> <span class='ocrx_word' id='word_1_164' title='bbox 701 3018 737 3074; x_wconf 87' lang='lat' dir='ltr'>ut</span> <span class='ocrx_word' id='word_1_165' title='bbox 749 3012 926 3073; x_wconf 84' lang='lat' dir='ltr'>Baehrensio</span> 
     </span>
    </p>
   </div>
   <div class='ocr_carea' id='block_1_4' title="bbox 74 3111 929 3390">
    <p class='ocr_par' dir='ltr' id='par_1_4' title="bbox 74 3111 929 3390">
     <span class='ocr_line' id='line_1_25' title="bbox 74 3111 924 3192; baseline -0.002 -20"><span class='ocrx_word' id='word_1_166' title='bbox 74 3113 191 3174; x_wconf 81' lang='lat' dir='ltr'>videtur</span> <span class='ocrx_word' id='word_1_167' title='bbox 217 3114 370 3192; x_wconf 86' lang='lat' dir='ltr'>antiquam</span> <span class='ocrx_word' id='word_1_168' title='bbox 396 3114 632 3192; x_wconf 80' lang='lat' dir='ltr'>orthographiam</span> <span class='ocrx_word' id='word_1_169' title='bbox 658 3115 737 3173; x_wconf 83' lang='lat' dir='ltr'>solua</span> <span class='ocrx_word' id='word_1_170' title='bbox 766 3111 924 3172; x_wconf 82' lang='lat' dir='ltr'>exhibeat:</span> 
     </span>
     <span class='ocr_line' id='line_1_26' title="bbox 75 3207 928 3290; baseline -0.005 -19"><span class='ocrx_word' id='word_1_171' title='bbox 75 3231 142 3271; x_wconf 86' lang='lat' dir='ltr'>oum</span> <span class='ocrx_word' id='word_1_172' title='bbox 156 3216 261 3289; x_wconf 90' lang='lat' dir='ltr'>reputo</span> <span class='ocrx_word' id='word_1_173' title='bbox 276 3216 387 3290; x_wconf 86' lang='lat' dir='ltr'>quanta</span> <span class='ocrx_word' id='word_1_174' title='bbox 400 3213 436 3273; x_wconf 90' lang='lat' dir='ltr'>de</span> <span class='ocrx_word' id='word_1_175' title='bbox 450 3215 546 3272; x_wconf 90' lang='lat' dir='ltr'>aetate</span> <span class='ocrx_word' id='word_1_176' title='bbox 559 3211 747 3289; x_wconf 83' lang='lat' dir='ltr'>Neapolitani</span> <span class='ocrx_word' id='word_1_177' title='bbox 760 3211 839 3269; x_wconf 90' lang='lat' dir='ltr'>inter</span> <span class='ocrx_word' id='word_1_178' title='bbox 850 3207 928 3286; x_wconf 85' lang='lat' dir='ltr'>peri·</span> 
     </span>
     <span class='ocr_line' id='line_1_27' title="bbox 77 3307 929 3390; baseline -0.001 -20"><span class='ocrx_word' id='word_1_179' title='bbox 77 3313 123 3370; x_wconf 86' lang='lat' dir='ltr'>tos</span> <span class='ocrx_word' id='word_1_180' title='bbox 136 3310 174 3372; x_wconf 84' lang='lat' dir='ltr'>sit</span> <span class='ocrx_word' id='word_1_181' title='bbox 187 3310 344 3372; x_wconf 78' lang='lat' dir='ltr'>dissensio:</span> <span class='ocrx_word' id='word_1_182' title='bbox 368 3312 456 3373; x_wconf 86' lang='lat' dir='ltr'>etiam</span> <span class='ocrx_word' id='word_1_183' title='bbox 469 3315 559 3390; x_wconf 83' lang='lat' dir='ltr'>atque</span> <span class='ocrx_word' id='word_1_184' title='bbox 573 3311 661 3371; x_wconf 87' lang='lat' dir='ltr'>etiam</span> <span class='ocrx_word' id='word_1_185' title='bbox 674 3309 840 3370; x_wconf 90' lang='lat' dir='ltr'>mirandum</span> <span class='ocrx_word' id='word_1_186' title='bbox 850 3307 929 3369; x_wconf 85' lang='lat' dir='ltr'>subit</span> 
     </span>
    </p>
   </div>
   <div class='ocr_carea' id='block_1_5' title="bbox 0 0 1087 3728">
    <p class='ocr_par' dir='ltr' id='par_1_5' title="bbox 0 0 1087 3728">
     <span class='ocr_line' id='line_1_28' title="bbox 0 0 1087 3728; baseline 0 0"><span class='ocrx_word' id='word_1_187' title='bbox 0 0 1087 3728; x_wconf 95' lang='lat' dir='ltr'> </span> 
     </span>
    </p>
   </div>
  </div>
 </body>
</html>
