2122 3728
460 222 583 278 LIBER
603 222 629 279 I.
933 228 972 284 vii

118 378 334 436 aLachmanno
357 379 513 454 inceptam,
536 380 620 437 nulla
640 380 780 438 librorum
799 384 973 442 auctoritate

117 496 171 534 nec
206 477 378 536 firmissimis
412 479 592 552 argumentis
624 479 726 537 nixam
759 482 880 556 probare
914 504 972 541 non

116 596 243 652 possum.
298 579 392 634 Immo
420 564 696 653 si'Neapolitanum
718 579 767 637 hic
786 599 973 656 sequeremur

115 682 177 733 tres
196 676 265 734 libri
290 695 350 734 non
373 679 514 753 quattuor
534 677 642 733 nedum
671 677 802 753 quinque
823 681 971 737 statuendi

116 778 208 833 erant.
230 774 307 832 Nam
317 774 428 849 primus
438 774 513 832 liber
522 793 581 831 non
592 775 754 851 diremptus
763 781 807 834 est
818 796 835 834 a
846 780 970 835 secundo

114 873 147 931 in
160 874 362 950 Neapolitano
406 875 463 932 Sed
476 875 540 944 hoo,
557 876 652 946 ored0,
669 893 737 932 casu
758 877 879 934 accidit:
902 897 969 935 nam

114 973 249 1030 ultimam
269 973 312 1030 lin
347 993 377 1031 m
396 972 428 1028 in
448 972 556 1047 pagina
574 972 647 1031 facit
666 993 767 1031 versus
791 975 970 1039 “Quaeritis

113 1073 191 1129 unde
209 1071 282 1129 mihi
306 1071 441 1147 quotiens
464 1071 628 1128 scribantur
649 1072 791 1142 amores,’'
812 1093 866 1130 nec
884 1074 969 1131 licuit
1029 1117 1032 1123 -

113 1171 222 1228 scribae
245 1171 372 1246 spatium
395 1188 452 1245 quo
474 1169 613 1244 discerpit
636 1170 744 1228 librum
771 1173 929 1229 secundum
952 1194 969 1230 a

54 1267 58 1276 ’
112 1269 209 1338 tertio,
224 1269 348 1327 tertium
361 1288 378 1326 a
392 1273 505 1345 quarto,
522 1269 569 1326 hic
583 1269 776 1345 interponere.
805 1257 809 1264 ¹

152 1368 378 1445 Neapolitanum
400 1369 479 1426 inter
502 1367 622 1438 codices,
649 1368 881 1426 Hnnrzsnnsruu
898 1390 966 1427 vero

110 1467 189 1525 inter
209 1467 333 1526 editores
353 1469 457 1525 ducem
471 1466 555 1539 elegi,
579 1471 609 1523 et
623 1466 693 1523 satis
714 1467 881 1524 existimavi
901 1468 977 1526 illos

109 1566 187 1623 locos
201 1566 276 1623 solos
289 1584 520 1634 commemorare,
536 1563 588 1621 ubi
601 1583 666 1621 mea
679 1565 768 1622 editio
783 1565 843 1622 sive
858 1585 875 1622 a
889 1566 918 1622 N
919 1587 965 1623 ea·

109 1665 239 1741 politano
250 1664 347 1722 codiee
361 1665 423 1722 sive
438 1665 473 1721 ab
489 1663 616 1720 editione
627 1662 816 1736 Hertzbergii
829 1664 962 1736 discedit,

107 1763 166 1820 nisi
179 1763 240 1834 ubi,
255 1767 291 1821 ut
304 1783 392 1839 supra
405 1763 478 1834 dixi,
495 1762 528 1818 in
544 1762 751 1836 orthographia
772 1762 827 1818 hoc
847 1763 961 1821 accidit.

107 1863 173 1920 Hoc
183 1882 370 1939 praemone03
385 1862 417 1920 H
430 1882 483 1938 pro
497 1859 702 1932 Hertzbergio,
715 1859 744 1917 N
757 1879 809 1934 pro
823 1861 852 1917 N
854 1863 962 1935 eapoli-

107 1968 185 2032 tano,
199 1962 282 2037 Ppro
293 1961 443 2031 Perusino,
456 1959 544 2034 Gpro
555 1957 749 2031 Groningano,
761 1978 807 2015 me
820 1960 960 2034 posuisse.

380 2209 504 2266 LIBER
524 2206 688 2266 PRIMUS.

147 2376 172 2427 1.
197 2376 242 2427 13.
259 2369 345 2444 prilla
357 2369 396 2439 N,
409 2387 481 2425 corr.
493 2366 637 2436 Perseius,
650 2365 772 2423 fortasse
786 2386 863 2424 vere.
900 2368 957 2426 Sed

104 2471 211 2527 vellem
225 2468 337 2545 aliquid
346 2467 465 2543 propius
479 2467 515 2524 ad
528 2466 618 2523 libros
632 2467 769 2524 accedens
780 2485 868 2541 quam
882 2466 957 2524 illud

103 2568 212 2642 Hylaei
224 2568 422 2640 exogitassent
435 2565 521 2623 docti.
551 2564 627 2621 Nam
640 2584 699 2622 non
713 2565 784 2621 alias
796 2570 855 2621 tam
869 2566 955 2638 longe

103 2688 120 2723 a
130 2687 199 2725 vera
212 2667 355 2742 scriptura
367 2664 477 2722 recedit
491 2664 583 2720 codex
596 2663 630 2719 in·
641 2663 807 2719 nominibus
820 2665 953 2737 propriis

102 2767 172 2823 licet
200 2766 232 2822 in
258 2765 304 2822 his
328 2765 501 2839 plerumque
525 2762 637 2837 aliquid
664 2765 774 2837 peccet.
825 2762 902 2817 Mihi
923 2762 954 2818 in

101 2873 229 2926 mentem
243 2869 326 2926 venit
338 2868 393 2925 Ille
414 2871 440 2924 ct
459 2865 582 2940 Phyllea,
604 2865 710 2922 collato
733 2865 785 2921 illo
802 2870 820 2895 ‘⁴
833 2865 952 2922 Maena-

100 2967 139 3023 lio
162 2967 254 3024 iacuit
278 2967 381 3041 pulsus
403 2964 461 3022 tria
484 2969 616 3039 tempora
643 2963 754 3033 ram0,”
785 2969 812 3020 4.
843 2968 869 3020 9.
903 2970 948 3022 15.

99 3067 219 3142 Phyllos
229 3065 371 3122 Arcadiae
383 3065 463 3138 regio
476 3064 545 3121 fuit.
589 3062 632 3119 Of.
650 3063 725 3119 Stat.
741 3061 832 3118 Theb.
854 3068 880 3117 4.
899 3069 947 3120 45.

101 3165 320 3240 Qualecumque
333 3166 388 3221 hoc
402 3162 627 3239 praeoccupavit
640 3162 744 3217 Hertz.

140 3271 165 3323 1.
188 3270 235 3324 22.
256 3285 315 3322 mea
328 3264 366 3322 N.

140 3369 165 3421 1.
189 3369 236 3421 24.
258 3364 408 3440 catholicis
424 3363 453 3420 N
466 3382 522 3418 ma.
542 3380 598 3435 pr.,
621 3359 758 3434 cytharas
772 3379 811 3415 m.
828 3379 849 3415 s.
893 3361 948 3434 Oo-

500 3462 555 3520 b2
