2122 3728
242 219 461 281 PROPERTII
481 218 541 277 aL.
557 218 602 292 ΙΙ,
619 223 666 277 30.
683 223 730 277 31.
873 226 908 277 65
930 306 932 310 .

60 379 128 439 illic
142 378 265 456 aspicies
279 377 404 453 scopulis
416 377 536 435 haerere
551 395 670 448 sorores,

99 479 140 538 nt
153 497 256 538 canere
270 476 386 553 antiqui
399 474 496 534 dulcia
509 474 591 533 furta
603 474 692 548 Iovis,

61 578 103 636 Ut
117 576 231 636 Semela
244 578 289 634 est
302 576 478 647 combustus,
494 577 530 633 ut
543 577 588 633 est
601 575 770 651 deperditus
783 577 826 649 Io,

100 675 236 752 Denique
249 678 285 733 ut
297 675 334 733 ad
348 673 451 733 Troiae
464 676 543 732 tecta
556 674 663 733 volarit
676 675 747 736 avis.
873 681 909 732 30

63 773 147 839 Quod
160 773 282 832 sinemo
296 774 388 845 extat,
406 772 458 849 qui
470 771 575 831 vicerit
588 772 679 832 Alitis
693 793 780 849 arma,

102 872 270 932 Communis
283 872 385 948 culpae
400 891 453 930 eur
465 891 533 930 reus
546 891 623 930 unus
637 872 730 947 agor?
753 886 758 894 '

63 972 124 1029 Neo
137 974 172 1030 tu
185 969 358 1044 Virginibus
371 969 536 1029 reverentia
548 970 673 1029 moveris
687 991 753 1030 ora:

102 1069 160 1128 Hic
174 1088 292 1146 quoque
305 1087 365 1127 non
379 1067 473 1126 nescit
487 1066 558 1144 quid
571 1067 611 1128 sit
623 1089 719 1128 amare
733 1072 846 1144 chorus,

64 1168 96 1226 Si
108 1171 207 1226 tamen
221 1165 327 1241 Oeagri
340 1165 484 1243 quaedam
497 1185 658 1242 compressa
670 1168 766 1243 figura
877 1175 912 1227 35

102 1266 242 1326 Bistoniis
256 1265 325 1324 olim
337 1264 461 1341 rupibus
474 1265 620 1327 accubuit.

64 1366 124 1424 Hic
136 1365 189 1424 ubi
201 1385 249 1424 ma
262 1363 356 1440 prima
370 1364 524 1423 statuent
515 1383 547 1422 m
559 1366 643 1440 parba
657 1365 785 1442 choreae,

103 1464 142 1523 ut
156 1463 269 1523 medius
283 1464 368 1522 docta
383 1461 502 1539 cuspide
515 1462 647 1522 Bacchus
661 1464 726 1537 erit,

65 1563 139 1620 Tum
154 1561 244 1639 capiti
258 1581 352 1621 saeros
365 1561 461 1638 patiar
472 1562 598 1639 pendere
612 1564 782 1640 corymbos:

103 1665 179 1723 Nam
193 1663 256 1722 sine
269 1666 299 1722 te
312 1666 445 1722 nostrum
457 1683 518 1722 non
530 1664 612 1723 valet
624 1663 786 1738 ingenium.
876 1670 914 1723 40

447 1800 531 1839 ιιιιιιι.

65 1881 194 1955 Quaeris,
212 1901 264 1940 cur
276 1881 392 1941 veniam
404 1880 461 1941 tibi
474 1880 592 1943 tardior.
608 1902 696 1941 aurea
708 1884 819 1944 Phoebi

103 1980 237 2040 Porticus
250 2001 268 2039 a
280 2000 385 2055 magno
399 1980 520 2039 Caesare
534 1985 635 2057 aperta
648 1981 716 2042 fuit.

65 2079 159 2138 Tanta
171 2081 234 2138 erat
247 2077 279 2137 in
293 2079 417 2155 speciem
430 2079 535 2138 Poenis
548 2080 661 2154 digesta
674 2081 823 2155 columnis,

104 2178 189 2258 Inter
201 2197 274 2255 quas
287 2177 383 2236 Danai
395 2178 505 2237 femina
517 2180 605 2257 turba
619 2179 704 2238 senis.
994 2223 998 2232 .

10 2305 15 2314 1
64 2277 124 2335 Hic
137 2276 391 2336 PbocbcaPhoebo
404 2277 485 2336 visus
498 2277 571 2336 mihi
584 2278 735 2354 pulchrior
746 2279 810 2357 ipso
897 2287 913 2338 5

104 2375 284 2434 Marmoreus
296 2375 388 2435 tacita
401 2395 516 2434 carmen
528 2376 610 2436 hiare
623 2377 697 2455 lyra,

66 2474 165 2551 Atque
179 2494 259 2533 aram
272 2473 380 2533 circum
395 2478 538 2535 steterant
551 2481 682 2536 armenia
694 2478 828 2556 Myronis

107 2573 253 2638 auauuor
265 2573 394 2646 aedificis,
410 2574 510 2633 vivida
524 2575 614 2649 signa,
629 2577 727 2635 boves.

67 2672 142 2729 Tum
154 2672 282 2731 medium
296 2673 373 2730 claro
387 2674 525 2747 surgebat
538 2693 678 2734 marmore
693 2677 845 2754 templum,

107 2771 147 2830 ut
158 2771 255 2848 patria
268 2772 384 2830 Phoebo
399 2771 493 2830 carius
507 2772 638 2850 Ortygia,
881 2780 915 2833 10

67 2870 104 2928 In
117 2889 175 2946 quo
190 2870 265 2929 Solis
278 2875 342 2929 erat
355 2890 443 2947 supra
455 2870 573 2945 fastigia
587 2891 698 2944 currus,

107 2968 147 3027 ut
159 2969 271 3042 valvae,
288 2968 392 3047 Libyci
405 2968 502 3035 nobile
516 2970 613 3029 dentis
627 2990 708 3047 opus,

68 3067 172 3126 Altera
184 3067 310 3126 deiectos
323 3067 444 3126 Parnasi
457 3067 566 3127 vertice
581 3069 689 3142 Gallos,

108 3165 211 3233 Altera
223 3168 370 3226 maerebat
383 3166 488 3225 lunera
501 3167 680 3226 Tantalidos.

70 3262 185 3336 Deinde
197 3263 277 3324 inter
289 3268 413 3324 matrem
426 3265 497 3324 deus
510 3265 572 3343 ipse
582 3265 719 3342 interque
733 3285 859 3327 sororem
883 3273 917 3326 15

110 3361 235 3439 Pythius
247 3363 280 3422 in
291 3364 379 3440 longa
393 3363 520 3424 carmina
533 3367 614 3426 veste
628 3368 720 3425 sonat.

480 3461 499 3500 r
