2122 3728
132 234 188 288 136
339 227 559 287 PROPERTII
580 227 641 288 ΕΒ.
663 227 718 302 IV,
744 232 791 286 11.

129 388 202 459 Aut,
218 385 243 445 si
257 385 325 465 quis
334 384 430 463 posita
440 385 532 445 iudex
542 386 625 446 sedet
637 385 754 446 Aeaeus
763 404 852 459 urna,

169 485 286 544 Inmea
299 483 403 544 sortita
415 484 546 545 vindicet
558 504 624 545 ossa
634 484 715 562 pila:
950 488 983 542 20

129 584 296 655 Assideant,
311 583 431 644 fratrem
444 584 529 644 iuxta
541 583 656 644 Minoia
669 584 752 658 sella,
768 587 801 645 et

169 683 366 743 Eumenidum
379 683 495 743 intento
508 684 598 742 turba
610 703 712 744 severa
724 683 801 743 loro.

130 785 265 863 Sisyphe,
281 786 358 844 mole
370 804 464 861 vaoes,
479 788 598 845 taceant
610 785 726 845 Ixionis
737 787 832 860 orbes,

170 883 277 943 Fallax
291 884 432 943 Tantaleo
447 883 588 960 corripere
602 904 648 944 ore
660 885 771 963 liquor,

131 983 273 1044 Cerberus
287 986 318 1043 et
330 984 429 1043 nullas
442 982 529 1042 hodie
536 985 621 1060 petat
633 982 787 1060 improbus
799 987 930 1059 umbras,
953 989 987 1043 25

170 1082 211 1141 Ei
224 1080 319 1141 iaceat
329 1081 422 1141 tacita
434 1082 516 1159 lapsa
530 1085 633 1142 eatena
647 1102 721 1143 sera.

131 1179 203 1257 Ipsa
215 1180 320 1257 loquar
332 1199 385 1256 pro
398 1199 464 1240 met
488 1180 513 1239 si
527 1180 609 1254 lello,
624 1200 720 1257 poena
733 1201 868 1242 sororum

172 1278 285 1338 Infelix
297 1298 414 1337 umeros
426 1281 532 1354 urgeat
544 1299 619 1338 urna
632 1299 722 1364 meos.

132 1376 165 1437 Si
179 1377 227 1436 oui
239 1377 319 1437 lama
327 1377 390 1437 fuit
401 1398 456 1455 per
468 1378 549 1438 avila
561 1381 682 1454 tropaea
695 1380 804 1453 decori,

171 1477 250 1537 Aera
262 1477 802 1555 Numantinosanaloquunturavos.
955 1485 990 1539 30

132 1576 237 1635 Altera
249 1577 379 1635 materni
392 1579 576 1653 exaequatur
589 1578 678 1637 turba
690 1577 830 1653 Libones,

172 1676 214 1734 at
226 1675 329 1733 domus
339 1677 384 1734 est
397 1674 496 1734 titulis
509 1679 636 1752 utraque
648 1675 732 1753 fulta
742 1675 816 1737 suis.

132 1774 214 1847 Mox,
230 1773 283 1833 ubi
295 1773 354 1833 iam
367 1774 482 1833 faoibus
496 1775 584 1835 oessit
596 1778 754 1852 praetexta
767 1776 894 1851 maritis,

173 1873 281 1934 Vinxit
294 1878 325 1934 et
338 1877 472 1950 acceptas
485 1876 579 1934 altera
590 1875 668 1935 vitta
681 1896 788 1950 eomas,

134 1973 255 2046 langor,
271 1972 383 2049 Paullo,
399 1976 452 2032 tuo
466 1973 507 2032 sie
520 1973 683 2033 discessura
696 1974 788 2035 cubili
801 1995 809 2032 τ
956 1981 990 2033 ³5

173 2073 213 2130 In
224 2072 322 2148 lapide
335 2073 404 2130 haio
418 2071 471 2131 uni
483 2075 579 2148 nupta
590 2071 682 2132 fuisse
691 2073 784 2148 legar.

134 2171 237 2230 Testor
249 2171 392 2230 maiorum
405 2170 516 2230 eineres
529 2170 594 2244 tibi,
610 2172 711 2244 Roma,
726 2174 881 2248 verendos,

173 2269 236 2329 snb
250 2290 375 2347 quorum
387 2270 494 2342 titulis,
510 2269 621 2343 Airioa,
637 2274 722 2331 tonsa
734 2269 821 2345 iaces,

134 2369 174 2428 Et
187 2369 296 2427 Persen
308 2368 410 2445 proavi
424 2369 612 2428 simulantem
625 2374 728 2448 peetus
740 2370 880 2445 Achillis,

114 2503 122 2521 .
174 2466 291 2543 Quique
304 2470 372 2526 luas
384 2486 492 2544 proavo
504 2467 597 2542 fregit
609 2469 726 2528 Achille
740 2469 851 2543 domos,
955 2475 991 2527 40

134 2565 184 2624 Me
197 2585 293 2642 neque
307 2567 548 2642 censuraolegem
561 2567 698 2639 mollisse,
713 2586 768 2626 neo
782 2568 848 2627 ulla

173 2664 253 2722 Labe
265 2684 330 2723 mea
343 2667 455 2724 vestros
469 2664 619 2725 erubuisse
632 2666 719 2725 fooos.

133 2763 203 2823 Non
211 2762 274 2823 fuit
286 2763 404 2823 exuviis
416 2763 509 2823 laniis
524 2763 659 2824 Cornelia
671 2765 821 2838 damnum,

175 2861 254 2928 Quin
268 2867 331 2922 erat
344 2865 375 2922 el
387 2882 510 2938 magnae
522 2882 590 2939 pars
602 2861 744 2923 imitanda
757 2863 873 2925 domus.

135 2961 198 3020 Nee
210 2980 275 3020 mea
287 2965 402 3021 mutata
415 2965 460 3020 esi
473 2964 561 3035 aetas,
578 2961 641 3021 sine
654 2961 776 3021 erimine
788 2966 854 3024 tota
868 2967 932 3026 esi:
955 2970 992 3023 45

174 3058 312 3119 Viximus
324 3059 454 3134 insignes
467 3060 546 3119 inter
557 3063 713 3137 utramque
725 3059 832 3123 lacem.

136 3157 180 3215 Mi
193 3161 299 3218 natura
311 3159 393 3219 dedit
408 3159 488 3234 leges
501 3179 519 3219 a
532 3160 673 3236 sanguine
686 3160 800 3234 duoles,

175 3256 205 3314 N
206 3276 221 3315 e
233 3276 348 3334 possem
360 3257 463 3317 melior
475 3257 581 3317 iudieis
594 3277 656 3318 esse
668 3262 761 3319 metu.

127 3354 291 3425 Quaelibet
305 3362 442 3424 austeras
455 3358 495 3419 (le
505 3376 557 3418 me
566 3355 650 3416 ieras
658 3355 898 3411 musanellus·-
