<?xml version="1.0" encoding="UTF-8"?>
<!DOCTYPE html PUBLIC "-//W3C//DTD XHTML 1.0 Transitional//EN"
    "http://www.w3.org/TR/xhtml1/DTD/xhtml1-transitional.dtd">
<html xmlns="http://www.w3.org/1999/xhtml" xml:lang="en" lang="en">
 <head>
  <title>
</title>
<meta http-equiv="Content-Type" content="text/html;charset=utf-8" />
  <meta name='ocr-system' content='tesseract 3.04.00' />
  <meta name='ocr-capabilities' content='ocr_page ocr_carea ocr_par ocr_line ocrx_word'/>
</head>
<body>
  <div class='ocr_page' id='page_1' title='image "./sexpropertiiele01propgoog_0101.png"; bbox 0 0 2122 3728; ppageno 0'>
   <div class='ocr_carea' id='block_1_1' title="bbox 155 220 780 290">
    <p class='ocr_par' dir='ltr' id='par_1_1' title="bbox 155 220 780 290">
     <span class='ocr_line' id='line_1_1' title="bbox 155 220 780 290; baseline -0.01 -9"><span class='ocrx_word' id='word_1_1' title='bbox 155 229 193 281; x_wconf 85' lang='grc'><strong>26</strong></span> <span class='ocrx_word' id='word_1_2' title='bbox 377 223 595 282; x_wconf 84' lang='lat' dir='ltr'>PROPERTII</span> <span class='ocrx_word' id='word_1_3' title='bbox 615 221 675 279; x_wconf 71' lang='grc' dir='ltr'><strong>ΕΒ.</strong></span> <span class='ocrx_word' id='word_1_4' title='bbox 691 220 735 290; x_wconf 89' lang='grc' dir='ltr'><strong>ΙΙ,</strong></span> <span class='ocrx_word' id='word_1_5' title='bbox 755 222 780 275; x_wconf 91' lang='grc'><strong>1.</strong></span> 
     </span>
    </p>
   </div>
   <div class='ocr_carea' id='block_1_2' title="bbox 400 790 767 863">
    <p class='ocr_par' dir='ltr' id='par_1_2' title="bbox 400 790 767 863">
     <span class='ocr_line' id='line_1_2' title="bbox 400 790 767 863; baseline -0.003 0"><span class='ocrx_word' id='word_1_6' title='bbox 400 804 524 863; x_wconf 82' lang='lat' dir='ltr'>LIBER</span> <span class='ocrx_word' id='word_1_7' title='bbox 551 790 767 862; x_wconf 78' lang='lat' dir='ltr'>SECUNDUS.</span> 
     </span>
    </p>
   </div>
   <div class='ocr_carea' id='block_1_3' title="bbox 555 1175 578 1214">
    <p class='ocr_par' dir='ltr' id='par_1_3' title="bbox 555 1175 578 1214">
     <span class='ocr_line' id='line_1_3' title="bbox 555 1175 578 1214; baseline 0.087 -2"><span class='ocrx_word' id='word_1_8' title='bbox 555 1175 578 1214; x_wconf 91' lang='lat'><strong>1.</strong></span> 
     </span>
    </p>
   </div>
   <div class='ocr_carea' id='block_1_4' title="bbox 134 1272 1016 2630">
    <p class='ocr_par' dir='ltr' id='par_1_4' title="bbox 161 1272 944 1432">
     <span class='ocr_line' id='line_1_4' title="bbox 161 1272 944 1345; baseline -0.003 -13"><span class='ocrx_word' id='word_1_9' title='bbox 161 1275 329 1345; x_wconf 75' lang='lat' dir='ltr'><strong>chnnms,</strong></span> <span class='ocrx_word' id='word_1_10' title='bbox 345 1274 423 1332; x_wconf 90' lang='lat' dir='ltr'><strong>unde</strong></span> <span class='ocrx_word' id='word_1_11' title='bbox 436 1273 510 1332; x_wconf 91' lang='lat' dir='ltr'><strong>mihi</strong></span> <span class='ocrx_word' id='word_1_12' title='bbox 523 1273 631 1332; x_wconf 89' lang='lat' dir='ltr'><strong>totiens</strong></span> <span class='ocrx_word' id='word_1_13' title='bbox 645 1272 810 1333; x_wconf 80' lang='lat' dir='ltr'><strong>scribantur</strong></span> <span class='ocrx_word' id='word_1_14' title='bbox 823 1291 944 1343; x_wconf 87' lang='lat' dir='ltr'><strong>amores,</strong></span> 
     </span>
     <span class='ocr_line' id='line_1_5' title="bbox 200 1372 803 1432; baseline -0.002 -1"><span class='ocrx_word' id='word_1_15' title='bbox 200 1373 285 1432; x_wconf 86' lang='lat' dir='ltr'>Unde</span> <span class='ocrx_word' id='word_1_16' title='bbox 298 1393 380 1432; x_wconf 92' lang='lat' dir='ltr'><strong>meus</strong></span> <span class='ocrx_word' id='word_1_17' title='bbox 392 1373 492 1432; x_wconf 88' lang='lat' dir='ltr'><strong>veniat</strong></span> <span class='ocrx_word' id='word_1_18' title='bbox 504 1372 601 1431; x_wconf 83' lang='lat' dir='ltr'><strong>mollis</strong></span> <span class='ocrx_word' id='word_1_19' title='bbox 613 1373 646 1430; x_wconf 94' lang='lat' dir='ltr'><strong>in</strong></span> <span class='ocrx_word' id='word_1_20' title='bbox 659 1391 707 1430; x_wconf 88' lang='lat' dir='ltr'><strong>cre</strong></span> <span class='ocrx_word' id='word_1_21' title='bbox 720 1372 803 1430; x_wconf 87' lang='lat' dir='ltr'><strong>liber.</strong></span> 
     </span>
    </p>

    <p class='ocr_par' dir='ltr' id='par_1_5' title="bbox 134 1470 964 1647">
     <span class='ocr_line' id='line_1_6' title="bbox 134 1470 964 1548; baseline -0.008 -15"><span class='ocrx_word' id='word_1_22' title='bbox 134 1523 136 1536; x_wconf 84' lang='lat'><strong><em>.</em></strong></span> <span class='ocrx_word' id='word_1_23' title='bbox 161 1472 229 1530; x_wconf 87' lang='lat' dir='ltr'><strong>Non</strong></span> <span class='ocrx_word' id='word_1_24' title='bbox 241 1473 313 1531; x_wconf 89' lang='lat' dir='ltr'><strong>hacc</strong></span> <span class='ocrx_word' id='word_1_25' title='bbox 327 1472 465 1548; x_wconf 78' lang='lat' dir='ltr'><strong>Calliope,</strong></span> <span class='ocrx_word' id='word_1_26' title='bbox 481 1491 541 1530; x_wconf 94' lang='lat' dir='ltr'><strong>non</strong></span> <span class='ocrx_word' id='word_1_27' title='bbox 553 1472 625 1530; x_wconf 90' lang='lat' dir='ltr'><strong>haec</strong></span> <span class='ocrx_word' id='word_1_28' title='bbox 638 1470 711 1528; x_wconf 86' lang='lat' dir='ltr'><strong>mihi</strong></span> <span class='ocrx_word' id='word_1_29' title='bbox 724 1473 823 1530; x_wconf 85' lang='lat' dir='ltr'><strong>cantat</strong></span> <span class='ocrx_word' id='word_1_30' title='bbox 836 1470 944 1546; x_wconf 86' lang='lat' dir='ltr'>Apollo</span> <span class='ocrx_word' id='word_1_31' title='bbox 957 1491 964 1526; x_wconf 80' lang='lat' dir='ltr'>z</span> 
     </span>
     <span class='ocr_line' id='line_1_7' title="bbox 201 1569 736 1647; baseline 0 -19"><span class='ocrx_word' id='word_1_32' title='bbox 201 1571 359 1645; x_wconf 84' lang='lat' dir='ltr'><strong>Ingenium</strong></span> <span class='ocrx_word' id='word_1_33' title='bbox 371 1571 455 1629; x_wconf 88' lang='lat' dir='ltr'><strong>nobis</strong></span> <span class='ocrx_word' id='word_1_34' title='bbox 468 1571 532 1646; x_wconf 90' lang='lat' dir='ltr'><strong>ipsa</strong></span> <span class='ocrx_word' id='word_1_35' title='bbox 544 1570 644 1647; x_wconf 89' lang='lat' dir='ltr'><strong>puella</strong></span> <span class='ocrx_word' id='word_1_36' title='bbox 656 1569 736 1628; x_wconf 82' lang='lat' dir='ltr'><strong>iacit.</strong></span> 
     </span>
    </p>

    <p class='ocr_par' dir='ltr' id='par_1_6' title="bbox 164 1668 1014 1827">
     <span class='ocr_line' id='line_1_8' title="bbox 164 1668 1014 1744; baseline -0.005 -17"><span class='ocrx_word' id='word_1_37' title='bbox 164 1670 232 1728; x_wconf 80' lang='lat' dir='ltr'><strong>Sive</strong></span> <span class='ocrx_word' id='word_1_38' title='bbox 245 1669 328 1728; x_wconf 92' lang='lat' dir='ltr'><strong>illam</strong></span> <span class='ocrx_word' id='word_1_39' title='bbox 342 1669 408 1729; x_wconf 75' lang='lat' dir='ltr'><strong>(lois</strong></span> <span class='ocrx_word' id='word_1_40' title='bbox 420 1669 585 1744; x_wconf 78' lang='lat' dir='ltr'><strong>fulgentem</strong></span> <span class='ocrx_word' id='word_1_41' title='bbox 598 1668 731 1727; x_wconf 82' lang='lat' dir='ltr'><strong>incedere</strong></span> <span class='ocrx_word' id='word_1_42' title='bbox 743 1668 812 1741; x_wconf 74' lang='lat' dir='ltr'><strong>cidi,</strong></span> <span class='ocrx_word' id='word_1_43' title='bbox 998 1673 1014 1723; x_wconf 85' lang='grc'><em>5</em></span> 
     </span>
     <span class='ocr_line' id='line_1_9' title="bbox 201 1766 814 1827; baseline -0.002 -2"><span class='ocrx_word' id='word_1_44' title='bbox 201 1769 267 1826; x_wconf 91' lang='lat' dir='ltr'><strong>Hoc</strong></span> <span class='ocrx_word' id='word_1_45' title='bbox 280 1770 376 1827; x_wconf 86' lang='lat' dir='ltr'><strong>totum</strong></span> <span class='ocrx_word' id='word_1_46' title='bbox 389 1789 405 1826; x_wconf 91' lang='lat' dir='ltr'><strong>e</strong></span> <span class='ocrx_word' id='word_1_47' title='bbox 419 1769 478 1827; x_wconf 80' lang='lat' dir='ltr'><strong>Coa</strong></span> <span class='ocrx_word' id='word_1_48' title='bbox 490 1770 571 1826; x_wconf 86' lang='lat' dir='ltr'><strong>veste</strong></span> <span class='ocrx_word' id='word_1_49' title='bbox 587 1768 726 1826; x_wconf 85' lang='lat' dir='ltr'><strong>volumen</strong></span> <span class='ocrx_word' id='word_1_50' title='bbox 739 1766 814 1826; x_wconf 89' lang='lat' dir='ltr'><strong>e1it:</strong></span> 
     </span>
    </p>

    <p class='ocr_par' dir='ltr' id='par_1_7' title="bbox 164 1865 864 2040">
     <span class='ocr_line' id='line_1_10' title="bbox 164 1865 864 1942; baseline -0.001 -17"><span class='ocrx_word' id='word_1_51' title='bbox 164 1867 222 1925; x_wconf 81' lang='lat' dir='ltr'><strong>Seu</strong></span> <span class='ocrx_word' id='word_1_52' title='bbox 235 1867 297 1925; x_wconf 86' lang='lat' dir='ltr'><strong>vidi</strong></span> <span class='ocrx_word' id='word_1_53' title='bbox 310 1867 347 1924; x_wconf 90' lang='lat' dir='ltr'><strong>ad</strong></span> <span class='ocrx_word' id='word_1_54' title='bbox 359 1866 486 1926; x_wconf 76' lang='lat' dir='ltr'><strong>frontem</strong></span> <span class='ocrx_word' id='word_1_55' title='bbox 500 1885 612 1942; x_wconf 86' lang='lat' dir='ltr'><strong>sparsos</strong></span> <span class='ocrx_word' id='word_1_56' title='bbox 625 1885 722 1925; x_wconf 82' lang='lat' dir='ltr'><strong>errare</strong></span> <span class='ocrx_word' id='word_1_57' title='bbox 736 1865 864 1941; x_wconf 77' lang='lat' dir='ltr'>capillos,</span> 
     </span>
     <span class='ocr_line' id='line_1_11' title="bbox 204 1964 776 2040; baseline 0 -18"><span class='ocrx_word' id='word_1_58' title='bbox 204 1965 319 2024; x_wconf 81' lang='lat' dir='ltr'><strong>Gaudet</strong></span> <span class='ocrx_word' id='word_1_59' title='bbox 331 1965 459 2024; x_wconf 88' lang='lat' dir='ltr'><strong>laudatis</strong></span> <span class='ocrx_word' id='word_1_60' title='bbox 471 1964 515 2022; x_wconf 84' lang='lat' dir='ltr'><strong>ire</strong></span> <span class='ocrx_word' id='word_1_61' title='bbox 529 1966 653 2040; x_wconf 87' lang='lat' dir='ltr'><strong>superba</strong></span> <span class='ocrx_word' id='word_1_62' title='bbox 672 1964 776 2024; x_wconf 90' lang='lat' dir='ltr'><strong>comis:</strong></span> 
     </span>
    </p>

    <p class='ocr_par' dir='ltr' id='par_1_8' title="bbox 167 2062 1016 2237">
     <span class='ocr_line' id='line_1_12' title="bbox 167 2062 870 2140; baseline 0.001 -20"><span class='ocrx_word' id='word_1_63' title='bbox 167 2062 234 2121; x_wconf 86' lang='lat' dir='ltr'><strong>Sive</strong></span> <span class='ocrx_word' id='word_1_64' title='bbox 247 2064 330 2140; x_wconf 83' lang='lat' dir='ltr'><strong>lyrae</strong></span> <span class='ocrx_word' id='word_1_65' title='bbox 344 2082 459 2122; x_wconf 88' lang='lat' dir='ltr'><strong>carmen</strong></span> <span class='ocrx_word' id='word_1_66' title='bbox 472 2063 573 2138; x_wconf 82' lang='lat' dir='ltr'><strong>digitis</strong></span> <span class='ocrx_word' id='word_1_67' title='bbox 585 2063 730 2140; x_wconf 80' lang='lat' dir='ltr'><strong>percussit</strong></span> <span class='ocrx_word' id='word_1_68' title='bbox 744 2063 870 2137; x_wconf 86' lang='lat' dir='ltr'><strong>eburnis,</strong></span> 
     </span>
     <span class='ocr_line' id='line_1_13' title="bbox 205 2161 1016 2237; baseline -0.005 -17"><span class='ocrx_word' id='word_1_69' title='bbox 205 2163 356 2234; x_wconf 85' lang='lat' dir='ltr'><strong>Miramur,</strong></span> <span class='ocrx_word' id='word_1_70' title='bbox 378 2161 474 2221; x_wconf 80' lang='lat' dir='ltr'><strong>facilis</strong></span> <span class='ocrx_word' id='word_1_71' title='bbox 487 2163 522 2220; x_wconf 92' lang='lat' dir='ltr'><strong>ut</strong></span> <span class='ocrx_word' id='word_1_72' title='bbox 535 2165 649 2237; x_wconf 86' lang='lat' dir='ltr'><strong>premat</strong></span> <span class='ocrx_word' id='word_1_73' title='bbox 661 2165 724 2220; x_wconf 88' lang='lat' dir='ltr'><strong>arte</strong></span> <span class='ocrx_word' id='word_1_74' title='bbox 737 2181 857 2221; x_wconf 87' lang='lat' dir='ltr'><strong>manus:</strong></span> <span class='ocrx_word' id='word_1_75' title='bbox 981 2164 1016 2217; x_wconf 89' lang='lat'><strong>10</strong></span> 
     </span>
    </p>

    <p class='ocr_par' dir='ltr' id='par_1_9' title="bbox 168 2260 884 2337">
     <span class='ocr_line' id='line_1_14' title="bbox 168 2260 884 2337; baseline -0.003 -17"><span class='ocrx_word' id='word_1_76' title='bbox 168 2262 226 2321; x_wconf 83' lang='lat' dir='ltr'><strong>Seu</strong></span> <span class='ocrx_word' id='word_1_77' title='bbox 240 2281 306 2319; x_wconf 89' lang='lat' dir='ltr'><strong>cum</strong></span> <span class='ocrx_word' id='word_1_78' title='bbox 318 2264 470 2337; x_wconf 88' lang='lat' dir='ltr'><strong>poscentes</strong></span> <span class='ocrx_word' id='word_1_79' title='bbox 484 2280 616 2319; x_wconf 91' lang='lat' dir='ltr'><strong>somnum</strong></span> <span class='ocrx_word' id='word_1_80' title='bbox 630 2260 757 2320; x_wconf 86' lang='lat' dir='ltr'><strong>declinat</strong></span> <span class='ocrx_word' id='word_1_81' title='bbox 770 2260 884 2331; x_wconf 85' lang='lat' dir='ltr'><strong>ocellos,</strong></span> 
     </span>
    </p>

    <p class='ocr_par' dir='ltr' id='par_1_10' title="bbox 165 2359 835 2435">
     <span class='ocr_line' id='line_1_15' title="bbox 165 2359 835 2435; baseline 0.003 -19"><span class='ocrx_word' id='word_1_82' title='bbox 165 2431 168 2435; x_wconf 82' lang='lat'>.</span> <span class='ocrx_word' id='word_1_83' title='bbox 206 2359 330 2418; x_wconf 87' lang='lat' dir='ltr'><strong>Invenio</strong></span> <span class='ocrx_word' id='word_1_84' title='bbox 345 2379 444 2418; x_wconf 89' lang='lat' dir='ltr'><strong>causas</strong></span> <span class='ocrx_word' id='word_1_85' title='bbox 459 2359 539 2418; x_wconf 90' lang='lat' dir='ltr'><strong>mille</strong></span> <span class='ocrx_word' id='word_1_86' title='bbox 554 2362 641 2435; x_wconf 85' lang='lat' dir='ltr'><strong>poeta</strong></span> <span class='ocrx_word' id='word_1_87' title='bbox 654 2379 763 2418; x_wconf 85' lang='lat' dir='ltr'><strong>novas:</strong></span> <span class='ocrx_word' id='word_1_88' title='bbox 831 2373 835 2381; x_wconf 86' lang='lat'>&#39;</span> 
     </span>
    </p>

    <p class='ocr_par' dir='ltr' id='par_1_11' title="bbox 138 2457 829 2534">
     <span class='ocr_line' id='line_1_16' title="bbox 138 2457 829 2534; baseline 0.006 -22"><span class='ocrx_word' id='word_1_89' title='bbox 138 2504 142 2512; x_wconf 91' lang='lat'>.</span> <span class='ocrx_word' id='word_1_90' title='bbox 169 2459 227 2517; x_wconf 80' lang='lat' dir='ltr'><strong>Seu</strong></span> <span class='ocrx_word' id='word_1_91' title='bbox 239 2459 319 2516; x_wconf 88' lang='lat' dir='ltr'><strong>nuda</strong></span> <span class='ocrx_word' id='word_1_92' title='bbox 332 2462 431 2534; x_wconf 85' lang='lat' dir='ltr'><strong>erepto</strong></span> <span class='ocrx_word' id='word_1_93' title='bbox 444 2477 559 2516; x_wconf 89' lang='lat' dir='ltr'><strong>mecum</strong></span> <span class='ocrx_word' id='word_1_94' title='bbox 567 2459 700 2517; x_wconf 88' lang='lat' dir='ltr'><strong>luctatur</strong></span> <span class='ocrx_word' id='word_1_95' title='bbox 712 2457 829 2528; x_wconf 87' lang='lat' dir='ltr'><strong>amictu,</strong></span> 
     </span>
    </p>

    <p class='ocr_par' dir='ltr' id='par_1_12' title="bbox 207 2555 777 2630">
     <span class='ocr_line' id='line_1_17' title="bbox 207 2555 777 2630; baseline 0 -17"><span class='ocrx_word' id='word_1_96' title='bbox 207 2555 283 2614; x_wconf 81' lang='lat' dir='ltr'><strong>Tum</strong></span> <span class='ocrx_word' id='word_1_97' title='bbox 294 2575 363 2615; x_wconf 85' lang='lat' dir='ltr'><strong>vero</strong></span> <span class='ocrx_word' id='word_1_98' title='bbox 375 2557 478 2630; x_wconf 86' lang='lat' dir='ltr'><strong>longas</strong></span> <span class='ocrx_word' id='word_1_99' title='bbox 492 2555 641 2615; x_wconf 89' lang='lat' dir='ltr'><strong>condimus</strong></span> <span class='ocrx_word' id='word_1_100' title='bbox 651 2556 761 2616; x_wconf 90' lang='lat' dir='ltr'><strong>Iliadas</strong></span> <span class='ocrx_word' id='word_1_101' title='bbox 771 2577 777 2613; x_wconf 93' lang='lat'><strong>:</strong></span> 
     </span>
    </p>
   </div>
   <div class='ocr_carea' id='block_1_5' title="bbox 77 2653 1018 2732">
    <p class='ocr_par' dir='ltr' id='par_1_13' title="bbox 77 2653 1018 2732">
     <span class='ocr_line' id='line_1_18' title="bbox 77 2653 1018 2732; baseline -0.005 -20"><span class='ocrx_word' id='word_1_102' title='bbox 77 2681 81 2688; x_wconf 92' lang='lat'>·</span> <span class='ocrx_word' id='word_1_103' title='bbox 170 2654 228 2712; x_wconf 83' lang='lat' dir='ltr'><strong>Seu</strong></span> <span class='ocrx_word' id='word_1_104' title='bbox 242 2653 387 2730; x_wconf 90' lang='lat' dir='ltr'><strong>quidquid</strong></span> <span class='ocrx_word' id='word_1_105' title='bbox 398 2653 470 2713; x_wconf 81' lang='lat' dir='ltr'><strong>fecit</strong></span> <span class='ocrx_word' id='word_1_106' title='bbox 484 2654 545 2714; x_wconf 83' lang='lat' dir='ltr'><strong>sive</strong></span> <span class='ocrx_word' id='word_1_107' title='bbox 559 2658 603 2714; x_wconf 87' lang='lat' dir='ltr'><strong>est</strong></span> <span class='ocrx_word' id='word_1_108' title='bbox 617 2655 819 2732; x_wconf 88' lang='lat' dir='ltr'><strong>quodcumque</strong></span> <span class='ocrx_word' id='word_1_109' title='bbox 832 2653 940 2723; x_wconf 85' lang='lat' dir='ltr'><strong>locuta,</strong></span> <span class='ocrx_word' id='word_1_110' title='bbox 984 2656 1018 2709; x_wconf 85' lang='grc'><strong>15</strong></span> 
     </span>
    </p>
   </div>
   <div class='ocr_carea' id='block_1_6' title="bbox 170 2753 939 3026">
    <p class='ocr_par' dir='ltr' id='par_1_14' title="bbox 170 2753 939 3026">
     <span class='ocr_line' id='line_1_19' title="bbox 208 2753 782 2813; baseline 0.002 -4"><span class='ocrx_word' id='word_1_111' title='bbox 208 2753 338 2811; x_wconf 84' lang='lat' dir='ltr'><strong>Maxima</strong></span> <span class='ocrx_word' id='word_1_112' title='bbox 352 2753 387 2812; x_wconf 88' lang='lat' dir='ltr'><strong>de</strong></span> <span class='ocrx_word' id='word_1_113' title='bbox 400 2753 494 2812; x_wconf 92' lang='lat' dir='ltr'><strong>nihilo</strong></span> <span class='ocrx_word' id='word_1_114' title='bbox 507 2754 639 2813; x_wconf 87' lang='lat' dir='ltr'><strong>nascitur</strong></span> <span class='ocrx_word' id='word_1_115' title='bbox 651 2753 782 2812; x_wconf 90' lang='lat' dir='ltr'><strong>histo1ia.</strong></span> 
     </span>
     <span class='ocr_line' id='line_1_20' title="bbox 170 2850 939 2925; baseline -0.003 -15"><span class='ocrx_word' id='word_1_116' title='bbox 170 2851 255 2916; x_wconf 77' lang='lat' dir='ltr'><strong>Quod</strong></span> <span class='ocrx_word' id='word_1_117' title='bbox 266 2852 339 2909; x_wconf 88' lang='lat' dir='ltr'><strong>mihi</strong></span> <span class='ocrx_word' id='word_1_118' title='bbox 353 2852 515 2924; x_wconf 87' lang='lat' dir='ltr'><strong>sitantum,</strong></span> <span class='ocrx_word' id='word_1_119' title='bbox 531 2853 692 2925; x_wconf 85' lang='lat' dir='ltr'><strong>Maecenas,</strong></span> <span class='ocrx_word' id='word_1_120' title='bbox 708 2852 770 2911; x_wconf 79' lang='lat' dir='ltr'><strong>fata</strong></span> <span class='ocrx_word' id='word_1_121' title='bbox 783 2850 939 2921; x_wconf 81' lang='lat' dir='ltr'><strong>dedissent,</strong></span> 
     </span>
     <span class='ocr_line' id='line_1_21' title="bbox 209 2950 874 3026; baseline 0 -18"><span class='ocrx_word' id='word_1_122' title='bbox 209 2951 251 3009; x_wconf 88' lang='lat' dir='ltr'><strong>Ut</strong></span> <span class='ocrx_word' id='word_1_123' title='bbox 263 2970 376 3026; x_wconf 88' lang='lat' dir='ltr'><strong>possem</strong></span> <span class='ocrx_word' id='word_1_124' title='bbox 388 2951 492 3009; x_wconf 88' lang='lat' dir='ltr'><strong>heroas</strong></span> <span class='ocrx_word' id='word_1_125' title='bbox 505 2950 610 3010; x_wconf 87' lang='lat' dir='ltr'><strong>ducere</strong></span> <span class='ocrx_word' id='word_1_126' title='bbox 623 2951 656 3009; x_wconf 92' lang='lat' dir='ltr'><strong>in</strong></span> <span class='ocrx_word' id='word_1_127' title='bbox 669 2971 749 3010; x_wconf 86' lang='lat' dir='ltr'><strong>anna</strong></span> <span class='ocrx_word' id='word_1_128' title='bbox 762 2969 874 3020; x_wconf 87' lang='lat' dir='ltr'><strong>manus,</strong></span> 
     </span>
    </p>
   </div>
   <div class='ocr_carea' id='block_1_7' title="bbox 60 3034 912 3126">
    <p class='ocr_par' dir='ltr' id='par_1_15' title="bbox 60 3034 912 3126">
     <span class='ocr_line' id='line_1_22' title="bbox 60 3034 912 3126; baseline -0.004 -19"><span class='ocrx_word' id='word_1_129' title='bbox 60 3034 62 3039; x_wconf 22' lang='grc' dir='ltr'>Ι</span> <span class='ocrx_word' id='word_1_130' title='bbox 170 3049 200 3107; x_wconf 87' lang='lat' dir='ltr'>N</span> <span class='ocrx_word' id='word_1_131' title='bbox 200 3069 238 3106; x_wconf 92' lang='lat' dir='ltr'><strong>on</strong></span> <span class='ocrx_word' id='word_1_132' title='bbox 251 3068 304 3123; x_wconf 89' lang='lat' dir='ltr'><strong>ego</strong></span> <span class='ocrx_word' id='word_1_133' title='bbox 319 3048 438 3108; x_wconf 81' lang='lat' dir='ltr'><strong>Titanas</strong></span> <span class='ocrx_word' id='word_1_134' title='bbox 452 3067 593 3121; x_wconf 88' lang='lat' dir='ltr'><strong>canerem,</strong></span> <span class='ocrx_word' id='word_1_135' title='bbox 608 3069 667 3109; x_wconf 91' lang='lat' dir='ltr'><strong>non</strong></span> <span class='ocrx_word' id='word_1_136' title='bbox 682 3049 774 3108; x_wconf 83' lang='lat' dir='ltr'><strong>Ossan</strong></span> <span class='ocrx_word' id='word_1_137' title='bbox 787 3049 912 3126; x_wconf 82' lang='lat' dir='ltr'><strong>Olympo</strong></span> 
     </span>
    </p>
   </div>
   <div class='ocr_carea' id='block_1_8' title="bbox 171 3146 1020 3421">
    <p class='ocr_par' dir='ltr' id='par_1_16' title="bbox 171 3146 1020 3421">
     <span class='ocr_line' id='line_1_23' title="bbox 210 3146 1020 3223; baseline -0.004 -18"><span class='ocrx_word' id='word_1_138' title='bbox 210 3146 390 3223; x_wconf 89' lang='lat' dir='ltr'><strong>Impositam,</strong></span> <span class='ocrx_word' id='word_1_139' title='bbox 404 3149 441 3205; x_wconf 92' lang='lat' dir='ltr'><strong>ut</strong></span> <span class='ocrx_word' id='word_1_140' title='bbox 454 3147 526 3205; x_wconf 89' lang='lat' dir='ltr'><strong>caeli</strong></span> <span class='ocrx_word' id='word_1_141' title='bbox 539 3147 642 3206; x_wconf 90' lang='lat' dir='ltr'><strong>Pelion</strong></span> <span class='ocrx_word' id='word_1_142' title='bbox 655 3151 731 3207; x_wconf 86' lang='lat' dir='ltr'><strong>esset</strong></span> <span class='ocrx_word' id='word_1_143' title='bbox 743 3147 809 3218; x_wconf 88' lang='lat' dir='ltr'><strong>iter,</strong></span> <span class='ocrx_word' id='word_1_144' title='bbox 980 3150 1020 3202; x_wconf 71' lang='lat'><strong>‘20</strong></span> 
     </span>
     <span class='ocr_line' id='line_1_24' title="bbox 171 3243 987 3320; baseline -0.002 -17"><span class='ocrx_word' id='word_1_145' title='bbox 171 3245 238 3303; x_wconf 89' lang='lat' dir='ltr'><strong>Non</strong></span> <span class='ocrx_word' id='word_1_146' title='bbox 251 3249 364 3304; x_wconf 84' lang='lat' dir='ltr'><strong>veteres</strong></span> <span class='ocrx_word' id='word_1_147' title='bbox 377 3245 499 3317; x_wconf 78' lang='lat' dir='ltr'><strong>Thebas,</strong></span> <span class='ocrx_word' id='word_1_148' title='bbox 514 3265 568 3304; x_wconf 90' lang='lat' dir='ltr'><strong>nec</strong></span> <span class='ocrx_word' id='word_1_149' title='bbox 581 3246 723 3320; x_wconf 87' lang='lat' dir='ltr'><strong>Pergama</strong></span> <span class='ocrx_word' id='word_1_150' title='bbox 735 3264 840 3304; x_wconf 90' lang='lat' dir='ltr'><strong>nomen</strong></span> <span class='ocrx_word' id='word_1_151' title='bbox 854 3243 987 3314; x_wconf 89' lang='lat' dir='ltr'><strong>Homeri,</strong></span> 
     </span>
     <span class='ocr_line' id='line_1_25' title="bbox 211 3342 783 3421; baseline 0 -19"><span class='ocrx_word' id='word_1_152' title='bbox 211 3343 323 3402; x_wconf 85' lang='lat' dir='ltr'><strong>Xerxis</strong></span> <span class='ocrx_word' id='word_1_153' title='bbox 336 3347 366 3403; x_wconf 88' lang='lat' dir='ltr'><strong>et</strong></span> <span class='ocrx_word' id='word_1_154' title='bbox 378 3342 499 3421; x_wconf 82' lang='lat' dir='ltr'><strong>imperio</strong></span> <span class='ocrx_word' id='word_1_155' title='bbox 512 3343 582 3404; x_wconf 88' lang='lat' dir='ltr'><strong>bina</strong></span> <span class='ocrx_word' id='word_1_156' title='bbox 596 3344 687 3404; x_wconf 91' lang='lat' dir='ltr'><strong>coisse</strong></span> <span class='ocrx_word' id='word_1_157' title='bbox 700 3344 783 3421; x_wconf 60' lang='lat' dir='ltr'><strong>uada,</strong></span> 
     </span>
    </p>
   </div>
   <div class='ocr_carea' id='block_1_9' title="bbox 0 0 1079 3728">
    <p class='ocr_par' dir='ltr' id='par_1_17' title="bbox 0 0 1079 3728">
     <span class='ocr_line' id='line_1_26' title="bbox 0 0 1079 3728; baseline 0 0"><span class='ocrx_word' id='word_1_158' title='bbox 0 0 1079 3728; x_wconf 95' lang='lat' dir='ltr'><strong> </strong></span> 
     </span>
    </p>
   </div>
  </div>
 </body>
</html>
