2122 3728
102 230 198 289 xxxiv
416 226 655 284 PRAEFATIO.

34 432 38 439 -
99 387 193 462 magis
207 385 342 446 eonvenit
362 405 433 444 aevo
447 384 541 444 Taciti
555 403 644 461 qnam
656 381 811 457 Propertii.
855 382 952 441 Conie-

100 506 197 545 eeram
209 486 301 544 aereis
315 485 393 562 quod
405 485 538 542 firmatur
547 483 582 541 ab
594 487 622 540 3.
636 486 663 541 3.
674 487 692 538 4
703 503 710 539 :
721 481 853 539 Tantum
863 483 953 558 operis

100 585 198 644 nervis
208 584 319 641 hiseere
329 602 411 658 posse
422 581 502 640 meis.
529 582 685 656 Rerumque
698 579 731 636 in
743 599 880 656 aereaque
894 601 953 639 eor-

101 688 222 758 ruptum
236 686 281 740 est
293 681 327 738 in
340 679 436 738 codiee
450 680 599 738 Puteaneo
613 677 776 736 Heroidum
791 683 819 736 8.
839 684 905 737 111.

141 787 169 839 9.
192 786 220 840 8.
241 781 371 838 Flamma
389 798 438 836 aee
457 799 489 836 ee
509 797 591 854 aequo
611 779 725 836 duriter
744 777 805 835 alla
825 779 891 855 iuge
903 779 949 836 N:

101 881 189 938 Fama
203 880 243 950 H,
259 879 358 958 rulgo.
400 876 550 951 Originem
567 875 634 934 vitii
654 876 730 950 quod
743 876 825 934 hune
838 898 953 936 versum

100 978 211 1039 insedit
235 977 311 1034 illud
327 995 360 1034 ee
379 995 462 1052 aequo
481 974 625 1050 praebuit,
651 975 729 1050 quod
747 994 816 1033 eum
843 976 952 1034 delirus

102 1075 195 1134 sariba
208 1094 267 1132 non
280 1073 461 1147 intelligeret
476 1091 529 1148 per
544 1091 573 1130 se
587 1071 760 1148 capiendum
777 1092 840 1132 esse
854 1093 953 1132 reeem

101 1175 134 1231 in
142 1175 200 1232 fine
208 1193 310 1232 versus
318 1172 439 1230 refinxit
452 1174 487 1230 nt
497 1190 579 1247 aequo
594 1171 811 1230 substantivum
820 1172 951 1230 haberet.

103 1273 169 1337 Quo
195 1272 228 1329 in
255 1290 363 1345 genere
394 1290 482 1347 quam
509 1289 595 1346 saepe
625 1269 813 1345 peccaverint
840 1270 952 1328 librarii

102 1369 204 1442 nostri,
219 1369 277 1427 iam
290 1368 335 1426 nil
348 1388 420 1444 opus
434 1372 479 1425 est
491 1368 630 1425 lectorem
643 1386 768 1425 monere.
806 1367 857 1425 Ea·
870 1388 952 1444 aequo

103 1454 187 1544 saepe
211 1467 288 1544 apud
309 1465 447 1523 Ovidium
469 1465 675 1523 adverbialiter
697 1465 779 1539 legas
797 1465 844 1542 (ἐξ
861 1465 951 1542 ἴσου).

104 1566 182 1630 Quid
207 1585 259 1642 pro
280 1566 343 1640 iupa
364 1563 420 1639 (eoo
434 1563 648 1637 Groninganus,
667 1582 731 1639 repo
745 1563 831 1640 Itali)
853 1564 952 1639 legen-

57 1701 61 1706 ·
103 1667 174 1723 dum
194 1664 233 1723 sit
252 1663 374 1722 dubium
394 1665 457 1721 est:
479 1663 551 1720 atria
570 1662 647 1738 quod
665 1661 698 1718 in
716 1665 835 1720 textum
855 1662 952 1737 recepi

102 1763 199 1822 facilis
212 1760 374 1820 emendatio
385 1762 439 1818 est.
462 1758 546 1825 Quod
558 1759 582 1817 si
591 1761 691 1836 paullo
702 1760 841 1818 audacius
855 1760 952 1819 lecum

102 1865 259 1920 retractare
273 1859 373 1930 mavis,
385 1858 507 1917 fortasse
521 1877 580 1916 non
593 1860 733 1916 absonum
745 1857 896 1917 videbitur

141 1959 277 2016 Plaustra
286 1977 339 2015 nee
352 1976 492 2033 exaequo
504 1956 593 2028 ducis,
611 1955 707 2028 aselle,
720 1956 799 2030 iugo.
814 1957 951 2016 Plaustra

101 2057 134 2114 in
145 2059 263 2132 flemma
282 2055 314 2112 in
334 2054 363 2111 N
383 2058 553 2130 corruptum
573 2057 618 2111 est
639 2059 665 2111 3.
682 2059 709 2111 5.
726 2059 783 2111 35:
807 2059 838 2113 et
855 2055 952 2113 daeere

102 2156 138 2212 de
165 2153 304 2211 iumentis
330 2156 409 2211 reete
436 2156 596 2228 usurpatur
623 2157 650 2209 2.
680 2157 728 2210 25.
759 2158 786 2210 6.
827 2153 950 2211 Prover-

100 2256 183 2313 bium
196 2253 337 2312 Graecum
351 2253 421 2311 elim
429 2252 519 2311 tuisse
534 2253 663 2328 suspicor
675 2254 750 2311 hane
763 2255 812 2312 vel
825 2253 950 2312 similem

101 2353 224 2410 formam
236 2352 363 2409 habens:
379 2350 509 2426 Ἅμαξαν
523 2353 576 2430 οὐχ
591 2351 725 2410 ἕλκουσιν
739 2351 770 2420 ἐξ
782 2351 848 2409 ἴσου
863 2352 951 2430 ζύγου

97 2448 183 2510 Ὀνος
195 2472 227 2506 τε
237 2447 282 2506 καὶ
295 2448 376 2522 βοῦς.
401 2449 445 2507 Cf.
460 2450 558 2508 Plaut.
575 2450 644 2508 Aul.
656 2454 683 2508 2.
697 2455 725 2508 2.
739 2455 786 2508 52.
816 2451 950 2527 Utraque

102 2547 269 2604 coniectura
282 2549 385 2622 poetae
399 2547 562 2606 sententiae
576 2548 721 2607 convenit.

141 2650 168 2701 9.
193 2649 238 2703 10.
260 2645 371 2703 eelemie
384 2646 423 2703 N.
484 2651 530 2706 11.
545 2649 638 2721 poerit
650 2646 688 2718 N,
698 2648 792 2721 ponit,
808 2647 907 2721 vulgo.

141 2750 168 2800 9.
192 2749 237 2802 13.
259 2744 356 2802 addita
362 2745 472 2819 formae
486 2745 524 2803 N.
546 2744 641 2802 abdita
654 2745 808 2802 Fruterius
818 2752 887 2802 ante
901 2745 946 2803 ed.

93 2845 175 2919 sama
189 2843 234 2902 ed,
278 2844 340 2900 ‘Ex
354 2844 533 2917 argumentis
547 2843 787 2920 exquisitioribus
801 2844 944 2902 Mentoris

98 2942 176 3010 fama
195 2941 322 3018 pendet)
580 2947 607 2999 9.
633 2946 677 2999 14.
699 2943 751 3000 Aa
763 2961 854 3000 maroa
868 2943 905 2998 N.

140 3045 167 3097 9.
189 3045 237 3097 20.
259 3039 422 3116 aequiterN
431 3040 786 3118 (laeqaimermaprffl.
808 3043 948 3117 separarer

98 3140 310 3200 Broukhusius.
351 3140 461 3198 Recte:
483 3144 596 3218 quiaque
620 3142 697 3199 enim
715 3143 745 3199 N
765 3142 892 3200 mutavit
915 3142 948 3198 in

97 3259 225 3317 quaeqae,
242 3238 319 3314 quod
334 3242 406 3312 puto
424 3258 483 3296 non
496 3240 613 3298 iecisset
627 3240 651 3298 si
665 3243 789 3317 aequiter
803 3241 931 3314 legisset.

140 3344 167 3397 9.
190 3342 237 3396 21.
258 3338 362 3412 recepti
373 3336 411 3407 N,
427 3357 470 3413 pr.
