2122 3728
134 221 168 274 18
314 215 533 275 PROPERTII
553 216 613 275 EL.
635 218 662 290 I,
681 223 727 277 15.
745 222 791 277 16.

172 373 204 433 si
217 372 288 450 quid
300 373 377 432 forte
389 373 446 434 ‘eibi
458 373 560 434 durius
573 374 719 435 inciderit.

131 474 207 534 Alta
218 473 300 551 prius
313 476 396 535 vasto
408 475 546 534 labentur
558 475 681 536 flumina
693 479 793 553 ponto,

170 575 276 633 Annus
289 576 320 632 eb
333 573 464 633 inversas
477 574 598 634 duxerit
611 578 679 635 ante
692 575 780 648 vices,
951 581 987 633 30

132 671 226 736 Quam
238 674 292 731 tua
305 673 358 731 sub
371 675 471 730 nostro
484 675 617 732 mutetur
629 676 745 749 pectore
759 692 849 732 cura:

172 769 218 829 sis
231 770 434 846 quodcumque
447 769 537 846 voles,
553 789 614 829 non
627 770 723 831 aliena
735 774 847 830 tamen.

134 869 205 927 llam
217 869 274 928 cibi
286 888 324 928 ne
337 868 412 928 viles
424 868 476 927 isti
488 868 645 928 videantur
658 869 752 943 ocelli,

170 968 228 1027 Per
240 988 313 1046 quos
326 988 411 1046 saepe
423 968 497 1027 milii
511 968 623 1028 credita
634 969 758 1055 perfidia
771 973 825 1028 est.

131 1067 195 1124 Hos
207 1069 242 1124 tu
255 1066 379 1140 iurabas,
396 1067 421 1127 si
434 1067 506 1144 quid
518 1068 644 1128 mentita
655 1067 769 1140 luisses,
953 1074 988 1126 35

171 1166 213 1225 Ut
226 1166 282 1226 tibi
297 1167 454 1244 suppositis
468 1167 637 1228 exciderent
650 1168 793 1227 manibus.

132 1266 173 1324 Ec
186 1268 287 1324 contra
299 1285 438 1340 magnum
450 1269 534 1342 potes
547 1267 600 1325 hos
614 1265 748 1325 attollere
762 1266 863 1338 solem,
989 1275 996 1287 '

171 1364 201 1422 N
202 1383 234 1423 oc
246 1363 347 1424 tremis
360 1363 501 1424 admissae
515 1363 628 1423 conscia
640 1363 811 1440 nequitiae?

133 1464 206 1529 Quis
219 1467 250 1522 te
264 1466 386 1540 cogebat
399 1465 507 1524 multos
520 1465 631 1541 pallere
644 1464 752 1522 colores

171 1564 328 1622 Ebfletum
340 1563 443 1623 invitis
456 1563 561 1622 ducere
574 1561 759 1621 luminibus?
952 1568 988 1620 40

134 1663 207 1728 Quis
220 1682 273 1738 ego
286 1682 365 1721 nunc
378 1682 473 1739 pereo,
490 1662 599 1721 similes
612 1661 776 1721 moniturus
790 1663 923 1722 amantes

158 1847 161 1854 Ι
174 1761 227 1819 “0
241 1761 346 1820 nullist
357 1764 458 1821 bulum
471 1761 586 1820 credere
599 1760 751 1820 blanditiis
762 1759 790 1819 !''

529 1957 590 1996 XVI.

133 2056 214 2121 Quae
227 2056 341 2114 fueram
354 2055 467 2131 magnis
480 2055 551 2114 olim
564 2055 711 2131 patefacta
724 2054 896 2132 triumphis,

174 2156 269 2214 Ianua
281 2155 421 2232 Tarpeiae
434 2159 506 2215 nota
518 2155 686 2231 pudicitiae,

136 2254 226 2312 (luins
238 2253 367 2313 inaurati
380 2255 564 2313 celebranmb
575 2254 682 2312 limina
694 2273 796 2313 currus

175 2353 331 2428 captorum
343 2351 470 2411 lacrimis
482 2351 583 2411 umida
595 2351 785 2427 supplicibus,

136 2451 223 2508 Nunc
238 2470 299 2525 ego,
315 2450 466 2510 nocturnis
478 2453 613 2526 potorum
627 2449 724 2510 saucia
737 2450 821 2522 rixis,
973 2459 990 2510 5

152 2555 155 2563 ’
176 2550 296 2608 Pulsate
308 2545 436 2625 indiguis
450 2569 534 2626 saepe
548 2570 654 2626 queror
666 2550 808 2620 manibus,

137 2649 177 2706 nt
190 2647 263 2705 mihi
275 2666 336 2707 non
348 2648 455 2707 desunt
467 2651 568 2724 turpes
581 2648 706 2724 pendere
719 2648 843 2706 corollae

178 2746 297 2822 Semper
311 2749 341 2806 eb
354 2746 481 2807 exclusis
495 2747 578 2822 signa
590 2747 682 2806 iacere
695 2747 781 2805 iaces.

138 2846 168 2903 N
169 2864 201 2903 ec
213 2864 330 2920 possum
342 2845 459 2904 infamis
472 2845 604 2905 dominae
617 2845 771 2904 defendere
783 2849 895 2916 noctae,

178 2944 292 3004 Nobilis
305 2944 435 3004 obscenis
447 2944 556 3004 tradita
569 2944 752 3004 carminibus.
956 2952 991 3004 10

138 3043 168 3100 N
168 3063 200 3101 ec
212 3046 311 3102 tamen
323 3043 376 3101 illa
389 3062 457 3102 suae
469 3046 622 3102 revocatur
634 3061 751 3118 parcere
762 3041 867 3116 famae,

179 3141 302 3216 Turpior
315 3144 345 3200 eb
358 3140 445 3199 saecli
457 3140 556 3200 vivero
569 3140 699 3199 luxuria.

139 3238 202 3296 Hae
215 3239 293 3297 inter
306 3238 442 3313 gravibus
456 3257 541 3312 cogor
553 3238 659 3297 deflere
673 3237 820 3314 querellis,

180 3336 325 3412 Supplicia
338 3357 355 3396 a
367 3335 462 3411 longis
474 3335 586 3396 bistior
599 3334 738 3396 excubiis.
