2122 3728
159 216 195 269 80
365 211 582 272 PROPERTII
601 211 663 270 ΕΒ.
684 212 748 284 ΙΙΙ,
774 218 801 270 6.

196 370 325 429 Ornabat
337 370 439 430 niveas
451 368 572 429 nullane
587 389 701 444 gemma
714 370 843 429 manus?

156 470 198 526 At
210 471 350 527 maestam
361 467 471 527 teneris
483 471 596 528 vestem
608 468 735 544 pendere
747 469 877 542 lacertis,

196 566 366 643 Scriniaque
379 567 416 625 ed
429 567 500 626 lecti
513 567 612 626 clausa
623 567 718 625 iacere
730 568 845 643 pedes?

157 665 261 723 Tristis
275 669 338 724 erat
351 666 461 736 domus,
478 670 508 724 et
522 666 622 725 tristes
636 687 689 725 sua
702 686 793 742 pensa
806 667 956 727 ministrae
971 673 1003 725 15

195 764 368 840 Carpebant,
383 763 478 822 medio
490 765 580 823 nebat
594 768 625 823 et
637 765 701 841 ipsa
713 766 787 836 loco,

155 862 320 939 Umidaque
332 862 472 939 impressa
485 863 611 922 siccabat
623 863 738 924 lumina
750 865 829 935 lana,

195 962 325 1021 Rettulit
339 965 368 1020 et
382 962 506 1038 querulo
519 962 616 1036 iurgia
627 966 729 1021 nostra
743 963 840 1022 sono?

159 1062 266 1119 “Haec
279 1064 310 1119 te
322 1064 398 1120 teste
411 1060 484 1118 mihi
494 1061 634 1136 promissa
643 1064 697 1134 est,
710 1061 871 1139 Lygdame,
883 1061 1003 1122 merces?

194 1160 250 1218 Est
262 1179 371 1235 poenae
385 1179 467 1218 servo
480 1178 615 1235 rumpere
625 1143 704 1218 'teste
718 1160 817 1220 iidem.
968 1165 1001 1217 20

155 1260 212 1318 Ille
226 1262 323 1335 potest
335 1258 418 1316 nullo
431 1257 566 1315 miseram
578 1277 624 1316 me
637 1256 773 1334 linquere
786 1259 875 1332 facto,

195 1359 235 1416 Et
249 1357 365 1434 qualem
378 1357 443 1414 nolo
456 1356 552 1415 dicere
565 1357 672 1415 habere
686 1357 780 1415 domo.

156 1456 271 1515 Gaudet
284 1475 330 1514 mc
343 1474 435 1515 vacuo
450 1454 540 1513 solam
552 1456 700 1513 tabescere
713 1455 800 1514 lecto.

196 1554 228 1613 Si
240 1555 345 1631 placet,
360 1553 493 1625 insultet,
510 1553 667 1631 Lygdum,
684 1558 778 1612 morte
792 1574 869 1613 mea.

156 1654 223 1711 Non
236 1673 282 1711 me
295 1652 423 1712 moribus
436 1652 497 1724 illa,
515 1653 565 1711 sed
578 1651 677 1712 herbis
689 1653 823 1729 improba
835 1654 928 1714 vicit:
969 1658 1001 1710 25

196 1751 344 1810 Staminea
355 1750 471 1809 rhombi
484 1751 602 1809 ducitur
615 1750 666 1809 ille
679 1754 763 1810 rota:

156 1852 249 1908 lllum
261 1850 408 1924 turgentis
421 1869 508 1908 ranae
522 1852 659 1924 portenta
671 1851 794 1908 rubetae

195 1950 234 2007 Et
246 1949 324 2007 lecta
337 1948 447 2007 exectis
461 1949 606 2022 anguibus
620 1968 683 2007 ossa
696 1950 831 2020 trahunt,

156 2048 196 2105 ut
210 2046 308 2121 strigis
321 2046 458 2104 inventae
471 2066 523 2122 per
536 2047 624 2105 busta
636 2047 763 2104 iacentia
775 2047 904 2123 plumae,
945 2054 953 2071 ⁶

196 2145 355 2221 Cinctaque
368 2144 485 2202 lunesto
499 2144 583 2201 lanea
596 2144 674 2202 vitta
686 2144 759 2202 viro.
969 2148 1002 2202 30

157 2245 188 2302 Si
201 2263 260 2302 non
273 2263 348 2302 vana
361 2246 470 2302 canunt
483 2262 548 2300 mea
562 2242 681 2314 somnia,
696 2243 857 2320 Lygdum,
873 2247 971 2316 testor,

195 2345 291 2401 Poena
304 2342 361 2401 erit
374 2345 442 2400 ante
455 2361 534 2400 meos
548 2361 618 2413 sera,
635 2342 686 2399 sed
699 2343 804 2417 ampla,
820 2343 919 2419 pedes,

155 2441 254 2500 Putris
268 2444 297 2501 et
310 2442 342 2499 in
355 2454 447 2499 vacuo
459 2444 580 2499 texetur
593 2459 697 2498 aranea
710 2440 796 2512 lecto,

195 2540 337 2599 Noctibus
350 2539 469 2596 illorum
482 2538 606 2597 dormiet
618 2538 682 2614 ipsa
694 2538 827 2597 Venus.''

157 2642 238 2706 Quae
251 2639 307 2698 tibi
321 2639 435 2698 siveris
449 2639 553 2697 animis
567 2641 611 2697 est
625 2641 729 2714 questa
742 2639 852 2714 puella,
968 2642 1001 2696 35

195 2741 260 2798 Hac
273 2739 371 2798 eadem
384 2756 494 2809 rursus,
510 2737 667 2814 Lygdamc,
683 2756 766 2795 curre
780 2737 838 2809 via,

155 2841 195 2898 Et
208 2858 272 2897 mea
285 2857 352 2895 cum
365 2836 467 2894 multis
480 2834 606 2893 lacrimis
619 2834 756 2892 mandata
768 2838 895 2910 reporta,

195 2939 284 3009 Iram,
299 2954 358 2993 non
370 2933 488 2992 fraudes
503 2952 564 2990 esse
578 2931 610 2990 in
624 2952 719 2990 amore
733 2952 816 2990 meo:

156 3037 205 3093 lie
219 3054 335 3111 quoque
350 3031 492 3092 consimili
504 3031 673 3107 impositum
685 3030 851 3107 torquerier
863 3031 946 3108 igni:

195 3134 303 3192 Iurabo
316 3133 361 3191 bis
376 3151 428 3190 sex
441 3131 556 3204 integer
569 3149 630 3188 esse
644 3129 714 3188 dies.
967 3135 1002 3189 40

157 3234 241 3297 Quod
254 3232 292 3290 mi
306 3232 330 3289 si
344 3251 360 3290 e
373 3233 455 3289 tanto
468 3229 543 3287 felix
558 3227 708 3286 concordia
720 3227 798 3286 bello

195 3332 346 3406 astiterit,
361 3351 415 3408 per
427 3349 482 3405 me,
498 3330 655 3407 Lygdum,
671 3328 747 3388 liber
760 3328 825 3388 eris.
