2122 3728
129 251 166 302 28
317 245 536 304 PROPERTII
556 246 616 304 EL.
639 247 683 319 II,
709 250 734 304 1.
757 249 785 303 2.
890 267 892 270 ’

169 400 283 461 Colchis
295 400 429 462 Iolciacis
442 407 510 463 urat
523 423 595 463 aene
607 403 688 476 focis,

128 503 195 560 Una
207 520 285 560 meos
299 500 437 577 quoniam
449 502 588 578 praedata
601 505 646 561 est
658 501 768 562 femina
782 519 895 574 sensus,
942 505 979 558 55

168 601 216 658 Ex
228 601 283 658 hac
296 600 441 659 ducentur
453 599 558 659 funera
570 604 670 660 nostra
682 601 775 659 domo.

129 701 236 758 Omnes
247 700 390 757 humanos
403 702 487 758 sanat
499 698 643 757 medicina
656 699 767 758 dolores
781 720 788 756 :

169 798 254 857 Solus
267 818 346 858 amor
358 798 452 858 morbi
465 818 525 857 non
539 801 617 857 amat
630 797 780 856 artificem.

129 898 223 957 Tarda
235 897 416 957 Philoctetae
430 880 543 957 sanavit
557 917 641 957 crura
653 886 806 968 Machaon,

168 996 321 1055 Phoenicis
335 996 450 1057 (lhiron'
456 997 569 1056 lumina
581 966 769 1074 Phillyrides,
946 1000 983 1051 60

130 1095 170 1152 ut
183 1095 254 1153 deus
268 1094 433 1161 extinctum
447 1071 555 1154 Grelsis
568 1095 745 1171 Epidaurius
757 1093 856 1153 herbis

169 1192 313 1251 Restituit
325 1192 429 1268 patriis
442 1194 636 1268 Androgeona
648 1193 730 1264 locis,

130 1291 231 1400 Mysps
244 1293 274 1350 et
288 1292 448 1352 Haemonii
459 1292 574 1352 iuvenis
588 1312 647 1370 qua
660 1291 779 1368 cuspide
792 1291 905 1351 vulnus

171 1389 314 1462 Senserat,
329 1389 384 1449 hac
397 1391 461 1468 ipsa
474 1391 592 1468 cuspide
606 1391 698 1450 sensit
711 1409 803 1467 opem.

131 1488 196 1546 Hoc
210 1487 234 1546 si
248 1489 314 1565 quis
326 1490 434 1549 vitium
446 1490 555 1567 poterit
568 1489 641 1548 mihi
654 1490 777 1561 demere,
795 1487 875 1547 solus
947 1493 984 1545 65

171 1587 325 1646 Tantaleae
337 1589 447 1664 poterit
459 1589 575 1661 tradere
587 1607 674 1666 poma
686 1606 776 1645 manu
788 1607 795 1644 :

132 1686 219 1744 Dolia
231 1685 370 1761 virgineis
383 1686 460 1746 idem
472 1688 525 1747 ille
538 1686 697 1763 repleverit
709 1685 801 1757 urnis,

171 1784 217 1843 Ne
230 1787 332 1844 tenera
345 1786 459 1845 assidua
473 1786 547 1844 colla
561 1788 721 1869 paventur
733 1803 829 1861 aqua:

133 1884 216 1941 Idem
230 1883 368 1943 Caucasia
382 1885 475 1968 solvet
488 1886 524 1943 de
537 1904 610 1960 rupe
624 1883 792 1943 Promethei

171 1980 296 2039 Brachia
309 1985 340 2041 et
353 2002 370 2041 a
383 1983 477 2041 medio
491 1987 607 2059 pectore
620 1982 713 2058 pellet
727 2001 819 2041 avem.
948 1983 964 2040 7
968 1987 985 2038 0

134 2079 380 2156 Quandocumque
393 2080 486 2155 igitur
497 2080 590 2141 vitam
602 2099 667 2138 mea
680 2080 742 2139 lata
754 2083 916 2157 reposcent,

173 2180 213 2238 Et
225 2180 313 2238 breve
326 2180 358 2238 in
372 2181 479 2255 exiguo
492 2199 633 2239 marmore
646 2200 753 2240 nomen
766 2200 824 2253 cro,

134 2277 294 2349 Maecenas,
309 2283 425 2337 nostrae
439 2299 504 2355 spes
516 2279 660 2337 invidiosa
673 2278 820 2348 iuventae,

173 2376 213 2433 Et
225 2374 304 2434 vitae
318 2380 348 2436 et
360 2377 448 2436 morti
462 2377 555 2451 gloria
566 2376 645 2435 iusta
657 2396 747 2449 meae,
795 2366 810 2394 ⁹

136 2477 167 2534 Si
180 2480 211 2534 te
225 2473 302 2538 forte
315 2495 379 2535 meo
392 2477 480 2535 ducet
492 2475 540 2534 via
552 2474 686 2552 proxima
699 2477 795 2549 busto,
949 2476 986 2533 75

174 2578 281 2638 Esseda
294 2575 412 2634 caelatis
426 2574 494 2634 siste
506 2574 648 2633 Britanna
660 2573 747 2649 iugis,

136 2677 276 2756 Taliaque
289 2676 466 2736 illacrimans
479 2678 577 2734 mutae
590 2673 652 2733 iace
664 2674 754 2731 verba
766 2672 904 2732 favillae:

178 2776 286 2836 “Huic
299 2776 403 2834 misero
416 2774 512 2833 fatum
525 2774 598 2831 dura
610 2772 710 2849 puella
722 2771 813 2831 fuit.''

545 2964 580 3002 11.

137 3067 225 3125 Liber
238 3084 314 3124 eram
329 3068 359 3124 et
371 3083 462 3124 vacuo
476 3064 637 3123 meditabar
646 3063 748 3141 ¹vivere
760 3064 855 3122 lecto:

175 3167 218 3224 At
230 3183 276 3222 me
290 3161 446 3239 composita
459 3181 529 3238 pace
542 3161 651 3220 fefellit
664 3162 763 3218 Amor.

138 3264 196 3322 Cur
208 3264 279 3320 hacc
292 3261 324 3319 in
336 3260 422 3320 terris
434 3259 664 3318 facies‘humana
676 3259 829 3319 moratur?

176 3359 320 3437 Iuppiter,
335 3360 436 3433 ignoro
449 3357 573 3434 pristina
584 3358 665 3418 furta
677 3361 739 3418 tua.
