2122 3728
99 256 155 310 124
306 250 525 310 PROPERTII
544 249 605 307 ΕΒ.
628 249 684 321 IV,
708 254 737 306 6.

98 409 240 485 Quodque
253 409 368 468 vehunt
378 429 481 484 prorae
496 409 652 467 Centauros
667 427 741 465 saxa
755 407 906 478 minantis,

137 508 231 582 Tigna
245 526 315 565 cava
328 512 358 565 et
371 508 465 582 pictos
479 507 628 583 experiere
641 511 749 565 metus.
921 511 954 562 50

99 606 223 679 Frangit
236 609 266 663 et
279 606 391 664 attollit
405 605 482 664 vires
495 605 528 662 in
538 604 634 662 milite
650 623 757 676 causa;

139 704 221 769 Quae
234 703 291 761 nisi
303 703 383 761 iusta
396 705 503 778 subest,
519 701 634 761 excutit
648 721 731 760 arma
743 703 851 778 pudor.

100 804 227 878 Tempus
240 803 330 872 adest,
346 803 494 860 committe
507 807 602 860 rates:
626 821 679 875 ego
694 802 838 878 temporis
852 805 951 860 auctor

140 902 251 959 Ducam
265 900 412 974 laurigera
425 901 505 958 Iulia
517 904 612 959 rostra
623 901 747 959 manu.''

101 999 234 1071 Dixerat,
251 1003 281 1058 et
294 1001 448 1075 pharetrae
461 1000 575 1075 pondus
589 999 735 1058 consumit
748 999 782 1056 in
797 1020 901 1059 arcus:
927 1004 960 1056 55

141 1099 279 1157 Proxima
292 1102 359 1173 post
373 1118 456 1156 arcus
470 1096 600 1155 Caesaris
612 1098 699 1155 hasta
711 1097 782 1157 fuit.

102 1197 204 1256 Vincit
218 1196 310 1254 Roma
323 1197 380 1254 fide
394 1196 523 1254 Phoebi:
546 1197 597 1253 dat
609 1195 721 1254 femina
734 1217 864 1272 poenas:

145 1297 266 1372 Sceptra
279 1316 331 1371 per
344 1296 443 1354 Ionias
456 1295 550 1353 tracta
562 1295 714 1354 vehuntur
728 1316 833 1373 aquas.

104 1397 147 1454 At
160 1399 244 1472 pater
258 1394 351 1452 Idalio
365 1395 489 1452 miratur
503 1394 608 1452 Caesar
620 1395 657 1452 ab
671 1398 771 1453 astro:

148 1496 251 1553 “Sum
264 1495 336 1552 deus
350 1516 356 1551 :
380 1498 410 1553 et
423 1494 516 1552 nostri
530 1494 680 1567 sanguinis
693 1494 753 1553 ista
765 1495 872 1554 fides.''
930 1500 963 1551 6⁰

106 1593 297 1670 Prosequitur
311 1596 399 1651 cautu
414 1592 525 1666 Triton,
541 1612 699 1669 omnesque
712 1594 847 1652 marinae

147 1695 324 1753 Plauserunt
339 1693 414 1751 circa
426 1694 519 1751 libera
533 1693 616 1767 signa
629 1694 710 1753 deae.

108 1794 168 1851 Illa
181 1793 257 1868 petit
270 1793 373 1850 Nilum
388 1794 491 1869 cymba
503 1792 578 1850 male
591 1791 664 1849 nixa
677 1791 789 1867 fugaci,

148 1893 214 1950 Hoc
227 1913 327 1962 unum,
344 1892 421 1949 iusso
435 1912 494 1949 non
507 1891 648 1949 moritura
661 1891 718 1949 die.

109 1991 150 2049 Di
162 1989 285 2048 melius!
308 1994 436 2065 quantus
449 1991 555 2048 mulier
567 1989 644 2048 foret
657 2010 719 2047 una
732 1991 913 2067 triumphus,
930 1995 963 2047 65

150 2090 265 2147 Ductus
279 2092 341 2146 erat
354 2108 407 2163 per
420 2109 492 2164 quas
506 2092 573 2146 ante
587 2089 738 2162 Iugurtha
751 2089 817 2149 vias
830 2090 838 2150 l

111 2190 216 2248 Actius
229 2190 298 2247 hinc
311 2189 405 2247 traxit
417 2190 552 2247 Phoebus
566 2193 766 2262 monumenta,
784 2191 865 2267 quod
879 2191 939 2249 eius

151 2289 218 2346 Una
231 2288 328 2346 decem
342 2287 414 2345 vicit
427 2288 514 2345 missa
528 2288 635 2360 sagitta
648 2292 737 2346 rates.

112 2387 196 2445 Bella
210 2386 280 2444 satis
294 2386 403 2444 cecini:
427 2388 568 2445 citharam
581 2387 639 2444 iam
653 2386 749 2462 poscit
763 2388 875 2464 Apollo

152 2485 254 2542 Victor
267 2489 297 2543 et
311 2486 347 2542 ad
360 2485 488 2560 placidos
502 2486 587 2543 exuit
600 2505 680 2542 arma
694 2486 807 2545 choros.
933 2487 966 2544 70

50 2589 52 2594 ’
115 2583 244 2643 Candida
256 2603 335 2641 nuno
348 2584 430 2640 molli
445 2586 568 2642 subeant
583 2583 717 2642 convivia
730 2585 808 2658 luco,

153 2683 378 2759 Blanditiaeque
391 2684 486 2742 fluant
499 2703 551 2760 per
564 2704 628 2742 mea
643 2685 717 2741 oolla
730 2704 823 2758 rosae,

114 2784 249 2859 Vinaque
261 2782 424 2841 fundantur
437 2782 544 2858 praelis
558 2783 630 2840 elisa
642 2783 788 2856 Falernis,

156 2880 269 2954 Terque
282 2878 362 2935 lavet
375 2881 488 2935 nostras
503 2878 581 2953 spica
594 2877 698 2936 Cilissa
712 2898 821 2938 comas.

116 2978 273 3052 Ingenium
286 2977 362 3052 potis
375 2977 472 3035 irritet
485 2977 571 3044 Musa
584 2976 677 3052 poetis
690 2998 697 3033 :
935 2978 967 3035 7⁵

155 3076 277 3145 Bacche,
294 3076 367 3132 soles
380 3076 495 3132 Phoebo
509 3074 617 3132 fertilis
631 3094 692 3132 esse
705 3078 768 3133 tuo.

117 3173 175 3232 Ille
189 3173 341 3249 paludosos
355 3176 493 3231 memoret
507 3173 614 3231 servire
630 3173 802 3245 Sicambros,

157 3272 301 3349 Cepheam
314 3272 363 3329 hic
376 3273 498 3330 Meroen
508 3271 649 3346 fuscaque
663 3291 754 3343 regna
768 3275 865 3344 canat,

107 3372 170 3434 Hie
184 3373 300 3435 referat
313 3393 381 3434 sero
395 3370 568 3432 contessum
575 3367 698 3425 rocceio
704 3366 858 3420 Parthum
863 3385 878 3418 ·.
