2122 3728
165 207 201 264 78
350 203 569 263 PROPERTII
589 202 649 261 EL.
670 202 735 275 ΙΙΙ,
759 207 788 261 5.

574 381 603 419 v.

162 460 247 519 Pacis
260 462 351 519 Amor
363 461 435 519 deus
449 463 502 532 est,
517 479 617 536 pacem
630 478 804 518 veneramur
818 463 965 518 amantes:

204 559 291 618 Stant
304 558 377 618 mihi
390 579 457 617 cum
470 557 587 617 domina
599 557 710 633 praelia
723 558 799 616 dura
810 578 886 617 mea.

163 658 193 716 N
194 677 226 716 ec
238 661 337 716 tamen
350 657 444 715 inviso
457 660 561 732 pectus
573 655 646 714 mihi
660 655 792 731 carpitur
805 675 886 730 auro,

204 757 265 814 Nec
278 756 354 815 bibit
368 776 383 814 e
397 775 511 831 gemma
523 755 616 813 divite
628 762 730 812 nostra
743 753 817 827 sitis,

164 855 193 913 N
194 874 226 914 ec
240 854 312 913 mihi
324 854 405 912 mille
418 854 497 928 iugis
511 852 668 928 Campania
680 853 800 929 pinguis
814 856 925 924 aratur,
997 858 1011 908 5

203 953 274 1026 Nec,
290 953 403 1024 misera,
419 973 486 1012 aera
498 972 568 1028 paro
583 952 673 1023 clade,
690 950 842 1022 Corintho,
857 955 920 1010 tua.

165 1054 189 1112 Ο
203 1053 298 1129 prima
309 1052 417 1111 infelix
428 1052 554 1127 fingenti
566 1055 646 1110 terra
658 1052 833 1110 Prometheo
845 1050 852 1110 1

205 1153 262 1210 Ille
275 1171 379 1228 parum
393 1154 479 1210 caute
492 1150 616 1227 pectoris
630 1150 692 1224 egit
706 1170 779 1225 opus
791 1171 797 1207 :

165 1251 290 1326 Corpora
303 1250 458 1326 disponens
470 1253 598 1308 mentem
611 1268 670 1307 non
683 1247 759 1308 vidit
771 1247 804 1306 in
817 1253 891 1309 arte.

205 1349 297 1409 Recta
310 1348 400 1407 animi
412 1349 540 1425 primum
553 1347 655 1407 debuit
668 1367 729 1406 esse
742 1347 801 1406 via.
982 1353 1012 1405 10

156 1450 253 1518 ,Nunc
265 1448 353 1506 maris
366 1447 398 1505 in
410 1451 529 1505 tantum
542 1449 631 1505 vento
643 1447 795 1518 iactamur,
811 1449 843 1505 et
856 1448 970 1506 hostem

205 1546 387 1618 Quaerimus,
403 1549 493 1622 atque
506 1546 594 1604 armis
606 1544 752 1604 nectimus
765 1564 846 1602 arma
860 1565 946 1603 nova.

165 1648 250 1706 Haut
262 1645 340 1706 ullas
352 1645 481 1722 portabis
495 1665 563 1721 opes
576 1644 750 1703 Acherontis
764 1645 802 1703 ad
814 1645 919 1717 undas,

204 1746 309 1805 Nudus
323 1750 354 1804 at
366 1744 490 1817 inferna,
507 1744 607 1817 stulte,
624 1744 729 1803 vehere
742 1745 816 1802 rate.

166 1846 268 1905 Victor
281 1864 348 1903 cum
360 1843 446 1903 victis
459 1843 569 1920 pariter
582 1842 753 1901 miscebitur
766 1841 898 1901 umbris:
983 1848 1014 1899 15

206 1943 330 2003 Consule
344 1962 410 2001 cum
423 1941 526 2014 Mario,
543 1944 627 2017 capte
641 1940 797 2014 Iugurtha,
814 1940 906 2000 sedes.

165 2043 267 2120 Lydus
279 2041 418 2101 Dulichio
431 2060 491 2098 non
504 2039 594 2098 distat
608 2039 730 2097 Croesus
745 2038 781 2096 ab
795 2038 856 2097 Iro.

205 2141 324 2218 Optima
336 2161 423 2212 mors,
438 2158 525 2216 parca
538 2157 613 2215 quae
626 2137 710 2196 venit
723 2140 788 2196 acta
801 2137 864 2217 die„

165 2241 215 2299 Me
227 2239 311 2298 iuvat
323 2238 356 2296 in
368 2238 461 2315 prima
475 2238 597 2296 coluisse
610 2236 755 2297 Helicona
766 2237 899 2310 iuventa,

204 2337 414 2413 Musarumque
428 2335 523 2394 choris
535 2335 705 2414 inplicuisse
719 2356 841 2396 manus:
983 2342 1016 2393 20

165 2438 215 2495 Me
227 2436 311 2495 iuvat
326 2440 357 2496 et
368 2437 463 2494 multo
475 2439 604 2494 mentem
617 2434 727 2519 vincire
740 2435 848 2513 Lyaeo,

205 2536 246 2594 Et
258 2538 348 2611 caput
360 2534 393 2592 in
405 2554 496 2592 verna
509 2553 622 2609 sempor
635 2534 742 2592 habere
755 2552 829 2591 rosa.

167 2638 267 2711 Atque
280 2634 332 2694 ubi
345 2633 404 2692 iam
416 2634 560 2692 Venerem
575 2632 671 2705 gravis
684 2632 875 2709 interceperit
889 2639 979 2704 aetas,

207 2733 351 2810 Sparserit
365 2735 394 2790 et
408 2731 507 2806 nigras
520 2732 586 2790 alba
600 2736 716 2790 senecta
729 2751 832 2804 comas,

167 2833 242 2890 Tum
255 2831 328 2889 mihi
341 2833 463 2889 naturae
476 2830 568 2888 libeat
580 2831 743 2905 perdiscere
757 2849 858 2902 mores,
983 2836 1018 2888 25

207 2929 279 2993 Quis
293 2929 364 2986 deus
377 2928 452 2986 hanc
465 2927 566 2985 mundi
580 2932 723 3003 temperet
736 2933 798 2986 arte
811 2929 939 3000 domum,

167 3029 233 3093 Qua
246 3027 328 3086 venit
341 3026 484 3098 exoriens,
500 3046 559 3102 qua
572 3027 679 3100 deficit,
695 3028 773 3085 unde
787 3027 894 3086 coactis

207 3126 349 3183 Cornibus
362 3124 394 3182 in
407 3124 528 3199 plenum
540 3128 690 3182 menstrua
702 3126 775 3183 luna
787 3125 873 3197 redit,

165 3225 249 3283 Unde
266 3225 326 3283 saio
341 3225 480 3299 superant
493 3222 584 3294 venti,
601 3222 672 3299 quid
685 3223 802 3282 flamine
817 3227 915 3300 captet

205 3324 313 3392 Eurus,
330 3321 600 3381 etinnnbesunde
613 3326 752 3397 perennet
765 3340 849 3398 aqua,
985 3330 1019 3380 30
