2122 3728
103 218 138 276 ur
356 192 630 278 'ralarlrro
666 241 667 244 κ

103 375 197 436 neius.
237 396 285 436 aaa
299 377 393 453 fruito
415 378 548 449 Iacobus,
573 381 681 453 ‘quem
700 377 753 455 qui
776 379 873 438 secuti
893 385 958 438 sunt

103 474 249 534 debebant
266 474 348 551 prius
369 496 508 552 quaerere
521 496 594 534 num
611 477 698 554 Prop.
713 480 852 538 uteretur
869 479 957 537 inter·

103 573 228 632 ieotione
241 573 315 632 ista'
332 574 379 649 (L.
395 575 582 652 Muellerus).
664 580 692 635 4.
716 577 764 636 74.
786 578 868 651 ooepi
880 577 918 636 N.

143 677 172 732 4.
194 671 242 729 78.
263 672 409 730 inmundos
423 673 505 746 dapar
518 671 595 730 libri.
632 672 711 731 Oorr.
727 693 840 732 omnes.

143 774 171 828 4.
194 773 241 827 88.
263 768 380 828 Mutari
398 769 667 844 interpunctionem
683 771 886 846 Hertzbergii,
908 775 957 849 qui

104 889 221 928 versum
233 868 277 927 ita
286 867 460 942 distinguit:
483 869 679 946 Nubendique
692 871 778 944 petit,
790 890 880 947 quem
887 872 959 930 velit

102 967 175 1044 ipsa,
191 966 277 1025 diem.
318 967 381 1040 Ego
394 969 467 1042 puto
487 968 550 1041 apso
564 969 715 1043 cumputat
731 988 792 1027 non
806 989 875 1027 oum
887 970 959 1028 velit
1000 1035 1002 1041 ,

90 1046 285 1140 *ffigendum
306 1085 377 1124 esse.
412 1066 535 1141 Tarpeia
548 1067 637 1137 ultro,
660 1067 739 1124 haud
752 1071 789 1126 ut
805 1068 890 1127 deoet
903 1068 958 1126 vir-

105 1164 202 1239 ginem
209 1166 412 1238 verecundam,
424 1164 500 1223 diem
509 1163 639 1223 nubendi
648 1165 731 1222 Tatio
739 1164 826 1239 petit.
838 1165 959 1225 fortasse

104 1262 189 1322 malit
203 1262 310 1339 aliquis
324 1265 370 1321 oui
382 1264 464 1322 velit.
480 1265 542 1338 prro
554 1263 624 1322 libri
637 1265 696 1339 apae
709 1264 773 1322 edd.
789 1265 920 1340 plurimi.

145 1365 172 1419 4.
196 1366 243 1422 93.
267 1361 384 1436 rupea
404 1361 442 1432 N,
458 1361 499 1419 H.
541 1361 598 1419 sed
618 1361 766 1437 Tarpeius,
789 1366 876 1438 pater
892 1363 959 1421 Tar·

24 1503 29 1513 .
104 1459 196 1537 peiae‚
212 1460 311 1518 nullas
323 1463 422 1536 partes
438 1459 470 1518 in
483 1461 538 1518 hoo
558 1459 685 1518 carmine
699 1460 769 1534 agit.
810 1461 874 1520 Nea
887 1462 959 1520 mihi

106 1558 224 1636 quidem
237 1559 397 1618 verisimile
410 1559 528 1618 videtur
548 1560 669 1634 Tarpeio
678 1581 691 1625 ;
710 1559 818 1617 namsi
840 1561 960 1635 Torpa'o

105 1656 198 1733 primo
218 1657 318 1730 luerit,
332 1677 384 1716 our
395 1657 429 1716 in
444 1658 561 1733 Tarpeio
575 1661 722 1717 mutatum
739 1657 851 1716 sitnon
864 1659 957 1718 video.

106 1756 197 1814 Credo
211 1760 263 1815 aut
278 1755 413 1832 Tarpeiae
427 1759 480 1814 aut
494 1756 642 1830 Tarpeium
655 1754 754 1813 luisse.

145 1860 173 1913 4.
196 1861 243 1913 94.
266 1856 315 1913 Ita
328 1855 358 1913 N
372 1855 584 1931 (nonvillario).
622 1855 700 1930 aimo
713 1854 787 1912 coni.
803 1854 939 1915 Guietua.

146 1959 173 2012 5.
198 1959 243 2012 13.
265 1959 393 2013 ooaturoo
416 1954 454 2012 N.
478 1954 503 2029 (t
517 1957 547 2012 et
567 1974 585 2012 r
603 1953 635 2011 in
659 1953 818 2030 archetypo
840 1955 960 2014 confusa

106 2053 212 2130 erant).
415 2058 442 2112 5.
467 2057 512 2110 15.
534 2057 562 2110 et
575 2052 612 2109 N.
628 2056 661 2110 ot
674 2052 755 2109 codd.
770 2053 918 2111 nonnulli.

146 2156 173 2209 5.
199 2155 243 2209 19.
265 2152 376 2210 Locum
409 2155 579 2226 corruptum
611 2155 646 2210 ut
672 2151 701 2208 N
729 2149 851 2209 exhibet
881 2152 958 2210 dedi.

105 2248 162 2307 Pro
169 2268 273 2324 pauo
286 2248 408 2309 fortasse
423 2249 543 2310 terebrat
563 2248 755 2308 scribendum.
797 2248 842 2306 ef.
859 2249 958 2318 Plaut.

105 2347 211 2405 Baeoh.
225 2352 252 2406 5.
264 2353 293 2407 2.
310 2352 356 2405 83.
393 2367 440 2406 nn.
457 2348 526 2407 Sine
535 2351 565 2406 te
579 2366 692 2405 oaorem.
720 2365 764 2404 ru.
774 2347 817 2406 Ut
829 2349 957 2409 terebrat.

105 2445 162 2503 Pro
174 2445 271 2516 verbio,
294 2445 406 2505 Venerio
419 2447 528 2506 malim.
564 2451 685 2521 perurat
698 2446 786 2505 multi
800 2448 892 2521 codd„
909 2450 940 2507 H
950 2472 966 2522 ;¹

104 2550 232 2618 pererrat
244 2545 378 2603 Iaoobus.

146 2649 173 2702 5.
196 2644 309 2702 auita
335 2643 373 2716 N,
397 2642 466 2702 libri
485 2642 614 2719 plurimi.
661 2648 734 2703 terat
752 2645 794 2703 H.
835 2645 958 2705 fortasse

98 2742 188 2818 soror.
238 2742 320 2818 rubro
354 2742 432 2800 libri.
483 2743 596 2818 lympha
630 2744 710 2815 Itali,
743 2744 784 2803 H.
834 2744 958 2804 fortasse

107 2842 191 2917 labro.

184 2940 332 2999 Exorabat
345 2959 417 3015 opus
430 2938 553 2998 Veneris
566 2958 619 2998 oen
633 2941 739 2999 blanda
751 2942 882 3001 terebrat

226 3039 424 3114 saxosamque
436 3036 514 3096 forat
528 3038 629 3096 sedula
641 3039 722 3114 talpa
734 3039 823 3098 viam.

106 3138 227 3214 'lalpam
252 3136 437 3212 Apenninam
463 3135 604 3195 fossiones
630 3137 701 3194 loeis
727 3138 820 3211 magis
846 3140 958 3198 saxosis

107 3255 195 3311 quam
207 3238 365 3293 nostratem
377 3233 479 3291 fecisse
493 3233 629 3293 credibile
644 3237 697 3293 est.
740 3235 825 3300 Quod
839 3235 864 3294 si
878 3237 958 3312 labra

106 3332 301 3392 lomidoloaior
312 3331 456 3405 videatur,
466 3336 549 3407 patto
561 3333 677 3391 omnino
688 3334 886 3410 reponendum
900 3340 955 3394 est.
