2122 3728
133 233 152 285 4
361 225 580 285 PROPERTII
600 224 660 284 ΕΒ.
681 225 707 298 Ι,
725 229 752 283 3.

174 385 276 451 Qualis
287 384 320 442 in
333 385 454 443 herboso
468 383 595 442 concidit
607 382 742 460 Apidano
754 403 761 440 :

134 476 214 536 Talis
226 477 289 535 visa
301 475 375 534 mihi
387 475 504 534 mollem
517 474 626 550 spirare
639 473 770 551 quietem

174 576 302 653 Cynthia
313 594 373 632 non
386 574 473 633 certis
485 573 557 632 nixa
571 575 658 649 caput
669 571 814 643 manibus,

134 677 224 734 Ebria
237 695 303 734 cum
315 674 409 732 multo
422 673 568 732 traherem
580 671 704 746 uestigia
716 671 842 745 Baccho,

174 775 214 833 nt
227 774 382 851 quaterent
395 769 768 845 seranoetefacempueri.
954 775 990 828 10

136 875 222 933 Hanc
235 893 297 948 ego,
313 872 443 931 nondum
456 870 545 929 etiam
559 888 660 928 sensus
672 868 842 945 deperditus
856 889 966 942 omnes,

173 972 305 1030 Molliter
317 971 448 1047 inpresso
461 988 549 1028 conor
562 966 641 1026 adire
653 970 718 1026 toro
731 989 738 1026 :

135 1072 175 1129 Et
189 1070 321 1147 quamvis
334 1069 446 1145 duplici
459 1070 624 1143 correptum
637 1066 738 1124 ardore
750 1065 890 1126 iuberent

176 1170 242 1227 Hac
255 1169 345 1227 Amor
357 1169 412 1226 hac
424 1167 522 1238 Liber,
537 1166 629 1224 durus
642 1168 768 1242 uterque
781 1165 864 1239 deus,

139 1267 274 1325 Subiecto
287 1265 394 1325 leviter
406 1265 530 1342 positam
542 1267 686 1339 temptare
699 1264 819 1338 lacerto,
955 1271 990 1323 15

178 1364 342 1440 Osculaque
355 1365 471 1423 admota
484 1383 596 1423 sumere
609 1382 676 1422 rara
688 1382 787 1435 manu,

138 1463 206 1521 Non
217 1465 317 1521 tamen
330 1482 417 1520 ausus
430 1482 509 1521 eram
521 1461 653 1520 dominae
665 1462 785 1520 turbare
799 1461 942 1538 quietem,

176 1562 321 1636 Expertae
333 1562 467 1619 metuens
478 1559 574 1635 iurgia
587 1558 733 1630 saevitiae,

142 1659 199 1718 Sed
213 1662 254 1717 sic
267 1658 391 1717 intentis
402 1659 557 1718 haerebam
569 1657 648 1716 fixus
661 1657 769 1730 ocellis,

179 1760 277 1833 Argus
290 1762 325 1819 ut
337 1758 445 1833 ignotis
457 1758 592 1817 cornibus
605 1755 768 1815 Inachidos.
957 1765 994 1818 20

140 1858 180 1915 Et
192 1856 276 1913 modo
290 1856 437 1916 solvebam
448 1858 548 1914 nostra
560 1855 595 1913 de
607 1854 706 1914 fronte
719 1856 841 1915 corollas

181 1955 384 2030 Ponebamque
396 1953 466 2026 tuis,
483 1952 620 2030 Cynthia,
634 1953 823 2029 temporibus,

142 2053 182 2111 Et
195 2053 279 2110 modo
293 2052 453 2127 gaudebam
466 2051 562 2126 lapsos
574 2050 698 2110 formare
712 2052 841 2128 capillos,

181 2151 211 2208 N
211 2171 269 2210 unc
281 2150 393 2209 furtiva
406 2149 484 2209 cavis
496 2168 583 2226 poma
595 2150 698 2208 dabam
711 2151 855 2228 manibus,

144 2249 306 2326 Omniaque
318 2249 433 2323 ingrato
446 2248 574 2323 largibar
586 2267 708 2306 munera
720 2268 829 2321 somno,
959 2258 996 2313 25

183 2348 307 2406 Munera
319 2347 356 2406 de
368 2366 459 2423 prono
473 2366 558 2422 saepe
571 2347 672 2405 voluta
685 2346 761 2406 sinu.
798 2335 803 2345 ’

145 2448 185 2505 Et
198 2447 333 2523 quotiens
345 2466 410 2505 raro
423 2447 510 2508 duxit
523 2445 647 2522 suspiria
659 2449 750 2518 motu,

185 2545 331 2620 Obstupui
344 2564 418 2604 vano
432 2544 567 2604 credulus
579 2543 716 2620 auspicio,

145 2644 190 2701 Ne
205 2662 263 2721 qua
275 2643 331 2702 tibi
344 2643 476 2702 insolitos
488 2646 639 2719 portarent
652 2642 715 2700 visa
726 2641 854 2712 timores,

183 2741 265 2800 Neve
279 2742 345 2818 quis
357 2741 481 2801 invitam
494 2745 609 2815 cogeret
621 2761 683 2800 esse
695 2760 786 2801 suam.
960 2751 997 2802 30

146 2840 244 2897 Donec
257 2839 386 2898 diversas
397 2858 568 2915 percurrens
581 2839 653 2897 luna
664 2838 815 2914 fenestras,

185 2938 271 2996 Luna
283 2937 437 2997 moraturis
451 2939 552 2997 sedula
563 2938 732 3011 luminibus,

147 3036 325 3111 Compositcs
338 3036 453 3096 levibus
465 3037 553 3095 radiis
566 3037 707 3114 patefecit
719 3038 835 3098 ocellos.

187 3135 234 3192 Sic
248 3134 298 3206 ait,
314 3134 346 3191 in
359 3134 441 3192 molli
453 3135 515 3195 fixa
527 3139 590 3194 toro
604 3136 745 3209 cubitum,

149 3233 308 3291 “Tandem
321 3236 352 3292 te
364 3236 462 3291 nostro
475 3232 603 3292 referens
616 3233 725 3292 iniuria
737 3233 813 3294 lecto
959 3243 996 3296 35

171 3331 310 3410 Alterius
324 3332 434 3396 clausis
447 3332 569 3414 expulit
582 3352 599 3394 e
610 3331 747 3392 loribusl
