2122 3728
144 198 195 312 70⁸
347 251 566 311 1111111111
585 250 646 308 nu.
668 249 718 322 11,
738 253 787 307 34.

182 412 223 469 Te
237 410 387 469 dominum
400 408 523 468 admitto
536 409 632 480 rebus,
648 407 750 479 amice,
766 406 860 466 meis:

144 514 232 570 Lecto
245 515 276 570 te
290 510 392 580 solum,
407 509 485 568 lecto
499 511 529 567 te
543 509 680 584 deprecor
693 526 763 565 uno.

183 610 316 668 Rivalem
328 627 447 684 possum
460 626 520 665 non
533 626 586 681 ego
599 606 676 665 ferre
689 607 803 664 Iovem.
926 606 930 613 ⁴

144 711 211 784 lpse
225 727 303 766 meae
317 706 404 778 solus,
421 705 499 782 quod
511 705 555 762 nil
568 707 622 775 est,
638 704 769 762 aemulor
781 705 910 775 umbrae,

185 806 310 879 Stultus,
327 805 406 882 quod
418 804 500 862 nullo
514 823 598 880 saepe
611 802 716 862 timore
728 807 833 862 tremo.
960 808 995 860 20

145 906 211 963 Una
223 909 323 963 tamen
336 906 488 975 causaest,
505 922 565 979 qua
578 901 698 961 crimina
711 905 797 961 tanta
809 902 939 973 remitto,

184 1005 329 1062 Errabant
341 1004 435 1062 multo
449 1003 528 1079 quod
539 1005 593 1061 tua
605 1002 694 1059 verba
706 1020 798 1059 mero.

147 1104 202 1161 Sed
216 1123 375 1180 numquam
388 1102 468 1160 11111
481 1100 567 1160 fallet
579 1120 626 1158 me
638 1118 714 1174 ruga
726 1119 845 1160 1111111
857 1121 865 1159 :

185 1202 291 1259 Omnes
303 1201 362 1259 iam
375 1202 493 1270 norunt,
509 1219 598 1276 quam
611 1199 650 1258 sit
663 1219 760 1258 amare
773 1201 895 1260 bonum.

145 1301 279 1376 Lynceus
292 1300 355 1376 ipse
368 1320 451 1360 meus
464 1319 543 1359 seros
556 1299 667 1358 insanit
680 1318 801 1358 amores.
960 1305 995 1357 25
1048 1328 1052 1337 ·

186 1400 286 1457 Solum
299 1402 330 1458 te
343 1403 456 1457 nostros
467 1399 563 1458 laetor
576 1399 655 1457 adire
668 1400 745 1456 deos.

146 1499 224 1563 Quid
238 1503 290 1557 tua
304 1498 458 1557 Socraticis
470 1498 527 1557 tibi
539 1517 618 1556 nnnc
632 1497 775 1574 sapientia
787 1496 874 1557 libris

186 1597 319 1655 Proderit
332 1600 385 1655 aut
397 1616 495 1655 rerum
508 1597 603 1656 dicere
615 1616 699 1673 posse
712 1595 800 1655 viss?

145 1699 208 1753 Aut
222 1695 294 1772 quid
307 1694 459 1754 Erechthei
472 1695 528 1754 tibi
541 1698 664 1772 prosunt
677 1693 806 1753 carmina
818 1694 921 1754 lecta?

185 1793 238 1851 Nil
251 1794 335 1852 iuvat
347 1793 379 1851 in
392 1813 497 1868 magno
510 1798 608 1853 vester
621 1813 716 1852 amore
730 1812 829 1853 senex.
961 1798 996 1851 30

147 1893 192 1951 Tu
207 1893 299 1951 satius
312 1892 406 1951 Musis
418 1893 565 1952 meliorem
580 1892 694 1951 imitere
708 1893 865 1964 Philotam,

187 1992 228 2048 Et
241 2010 300 2049 non
313 1990 410 2049 inflati
424 1992 534 2050 somnia
547 1991 726 2051 Callimachi.

147 2089 224 2147 Nam
237 2110 337 2148 cursus
350 2090 421 2148 licet
433 2091 532 2149 Aetoli
545 2090 654 2148 referas
666 2090 799 2161 Acheloi,
815 2155 819 2162 ,

187 2188 325 2247 Fluxerit
337 2191 372 2247 ut
385 2208 490 2263 magno
503 2189 615 2247 fractus
629 2208 724 2247 amore
737 2189 846 2265 liquor,

148 2288 247 2362 Atque
262 2286 350 2345 etiam
363 2291 399 2346 nt
412 2287 541 2364 Phrygio
551 2287 645 2346 fallax
655 2287 827 2345 Maeandria
839 2307 942 2364 campo
961 2293 998 2346 35

187 2386 274 2444 Errat
288 2390 318 2444 ct
330 2386 394 2462 ipsa
407 2407 473 2445 suas
486 2386 596 2463 decipit
608 2387 687 2445 unda
699 2387 772 2460 vias,

148 2484 249 2547 Qualis
263 2487 294 2542 et
308 2484 427 2543 Adrasti
440 2484 532 2544 fuerit
544 2485 652 2544 vocalis
665 2486 762 2544 Arion

186 2582 293 2640 Tristia
306 2583 343 2640 od
355 2584 526 2641 Archemori
539 2583 643 2643 iunera
656 2584 750 2643 victor
764 2605 860 2662 equus
872 2607 879 2645 :

148 2681 429 2757 Amphiaraeaenon
442 2682 556 2759 prosint
568 2683 631 2742 iata
644 2684 812 2760 quadrigae,

188 2783 252 2839 Aut
265 2779 392 2856 Capanei
405 2799 509 2855 magno
524 2786 606 2855 grata
618 2782 793 2841 ruinanvi.
964 2787 1002 2841 40

150 2880 256 2937 Desine
271 2897 302 2936 oo
315 2878 475 2954 Aeschyleo
489 2898 658 2956 componere
670 2883 760 2939 verba
773 2882 928 2955 cothurno,

188 2976 305 3049 Desine,
322 2980 353 3035 11
366 2977 402 3035 ad
415 2977 518 3036 molles
531 2980 660 3038 membra
673 2980 786 3038 resolve
799 2981 922 3040 choros!

150 3078 252 3152 Incipe
265 3076 324 3134 iam
337 3080 461 3151 angusto
474 3097 576 3136 versus
589 3078 739 3138 includere
751 3082 847 3153 torno,

188 3177 285 3251 Inque
298 3179 365 3234 tuos
378 3175 470 3250 ignes,
486 3176 559 3234 dure
571 3180 667 3252 poeta,
683 3177 761 3235 veni.

150 3273 195 3330 'lu
208 3292 267 3331 non
281 3274 464 3346 Antimacho,
480 3293 539 3332 non
552 3275 646 3334 tutior
657 3275 714 3333 ibis
727 3274 856 3336 Homero
869 3297 877 3336 :
967 3283 1003 3336 45

188 3371 321 3446 Despicit
335 3375 365 3431 et
378 3391 498 3447 magnos
511 3376 592 3432 recta
603 3373 703 3450 puella
715 3374 793 3433 deos.
