2122 3728
243 251 461 324 raornnrrr
480 252 541 310 un.
556 251 582 324 1,
600 254 648 309 21.
663 255 711 308 22.
865 254 902 307 25

55 408 103 469 Sic
116 412 147 468 te
160 411 274 469 servato
286 409 399 486 possint
413 410 538 485 gaudere
550 412 694 486 parentes,
886 411 902 463 5
1011 407 1013 412 ’

94 508 177 568 Haeo
190 528 269 567 soror
281 511 346 568 aeta
358 508 419 568 tuis
432 509 541 568 sentiat
554 529 570 568 e
582 507 726 567 lacrimis:

56 607 175 666 Gallum
187 625 240 683 per
252 606 362 666 medios
375 611 509 682 ereptum
523 606 652 666 Caesaris
666 625 749 666 enses
833 649 835 652 -

95 704 233 780 Effugere
246 704 361 779 ignotas
373 723 433 762 non
445 705 575 781 potuisse
587 724 700 777 manus,

56 804 96 861 Et
109 822 310 880 quaecumque
324 823 411 880 super
423 803 553 880 dispersa
564 803 711 862 invenerit
724 822 787 862 ossa

96 901 248 961 Montibus
260 901 401 974 Etruscis,
416 903 488 962 haec
502 901 575 962 scial
587 921 649 962 esse
662 921 735 960 mea.
871 905 906 958 10

443 1097 520 1138 xm.

59 1195 161 1261 Qualis
174 1199 205 1256 et
217 1197 296 1255 unde
309 1215 409 1271 genus,
426 1198 478 1274 qui
492 1198 552 1257 sint
563 1197 645 1270 mihi,
662 1196 756 1269 Tulle,
772 1197 905 1268 Penates,

99 1295 221 1361 Quaeris
234 1316 286 1372 pro
298 1300 399 1356 nostra
411 1318 523 1374 semper
536 1296 672 1357 amicitia.

60 1396 92 1455 si
105 1395 247 1455 Perusina
259 1395 317 1455 tibi
329 1396 440 1472 patriae
454 1401 524 1456 sunt
535 1400 606 1457 nota
618 1397 759 1474 sepulcra,

92 1494 205 1574 'Italiae
218 1493 299 1553 duris
312 1494 416 1554 limera
428 1496 616 1572 temporibus,

61 1592 135 1650 Cum
148 1592 279 1650 Romana
292 1612 360 1651 suos
374 1593 435 1668 egil
448 1593 589 1652 discordia
603 1593 689 1665 cives,
890 1597 907 1648 5

101 1691 157 1750 Soa
167 1691 241 1750 mihi
253 1693 416 1770 praecipue,
432 1694 531 1770 pulvis
544 1693 677 1764 Etrusca,
694 1690 792 1749 dolor:

61 1789 107 1847 Tu
120 1789 249 1865 proieeta
261 1791 320 1850 mei
332 1811 467 1868 perpessa
480 1811 511 1851 es
524 1792 652 1850 membra
665 1788 831 1866 propinqui,

101 1889 148 1946 Tu
160 1889 242 1947 nullo
256 1889 354 1949 miseri
367 1891 497 1965 contegis
510 1909 574 1949 ossa
587 1888 664 1948 solo:

60 1985 200 2046 Proxima
212 1988 359 2064 subposito
373 1989 543 2064 contingens
555 1986 677 2048 Umbria
690 2006 789 2065 eampo

100 2085 151 2146 Me
165 2088 276 2162 genuit,
291 2089 378 2149 terris
390 2082 499 2150 leubilis
512 2087 659 2148 uberibus.
873 2087 908 2140 10
