2122 3728
258 244 477 302 PROPERTII
496 244 557 302 uL.
578 245 641 317 HI,
660 248 768 303 12.13.
903 249 937 302 91

89 403 165 460 Nam
179 421 366 479 quocumque
379 401 426 460 die
440 402 554 460 salvum
566 405 597 462 te
610 401 673 461 fata
685 401 845 475 remittent,

127 500 272 561 Pendebit
285 502 359 559 collo
374 501 459 560 Galla
471 501 578 576 pudica
590 504 653 560 tuo.

89 602 245 659 Postumus
258 599 333 658 alter
347 598 403 657 erit
416 599 548 657 miranda
561 599 683 675 coniuge
696 599 810 660 Ulixes.

128 698 196 756 Non
207 697 255 755 illi
268 698 372 771 longae
386 701 432 756 tot
444 717 570 756 nocuere
582 718 688 770 morae,

90 799 190 857 Castra
200 798 299 857 decem
310 817 461 871 annorum,
473 801 507 857 et
514 797 652 891 Ciconum
663 817 747 870 enses,
758 799 870 856 Ismara
904 802 940 854 25
995 879 997 883 Α

207 901 301 972 capta,

129 997 319 1071 Exustaeque
331 998 401 1054 tuae
415 1015 493 1066 mox,
510 995 698 1072 Polypheme,
714 1014 814 1070 genae,

90 1094 130 1152 Et
143 1093 243 1152 Circae
256 1093 382 1165 fraudes,
398 1093 533 1169 lotosque
546 1094 711 1170 herbaeque
723 1097 848 1161 tenaces,

130 1191 287 1268 Scyllaque
301 1195 332 1250 et
345 1193 472 1250 alternas
486 1190 573 1250 scissa
586 1191 748 1268 Charybdis
762 1211 861 1268 aquas,

90 1289 255 1366 Lampeties
268 1289 380 1348 Ithacis
393 1290 511 1349 veribus
524 1289 651 1363 mugisse
664 1290 802 1348 iuvencos

130 1389 266 1446 Psvnnsr
279 1407 335 1446 nos
348 1389 467 1447 Pnonno
480 1407 560 1446 rrum
574 1388 725 1446 Laurnrrn
905 1395 941 1447 30

91 1489 131 1547 nt
144 1488 306 1546 thalamum
319 1488 433 1547 Aeaeae
445 1487 542 1546 ventis
554 1486 665 1561 fugisse
677 1488 803 1564 puellae,

130 1587 244 1664 Totque
257 1587 362 1646 hiemis
374 1590 475 1646 noctes
487 1590 592 1665 totque
604 1591 719 1647 natasse
732 1588 803 1660 dies,

91 1686 120 1743 N
120 1687 302 1763 igrantisque
316 1687 414 1744 domos
428 1686 590 1746 animarum
602 1686 727 1747 intrasse
741 1687 887 1757 silentum,

131 1785 267 1844 Sirenum
281 1785 367 1843 surdo
380 1785 490 1860 remige
504 1787 596 1844 adisse
608 1787 698 1858 lacus,

92 1885 132 1942 nt
144 1888 258 1942 veteres
273 1903 356 1942 arcus
368 1884 428 1942 leto
442 1904 594 1943 renovasse
606 1904 767 1960 procorum,
905 1890 940 1942 35

131 1983 302 2060 Errorisque
317 1982 362 2041 sui
377 1983 417 2042 sic
431 1984 567 2042 statuisse
580 1984 708 2042 modum.

93 2082 153 2140 Neo
166 2081 285 2154 frustra,
302 2080 373 2158 quia
386 2085 464 2140 casta
477 2082 555 2140 domi
567 2083 734 2158 persederat
746 2102 830 2142 uxor.

131 2181 234 2240 Vincet
247 2182 405 2258 Penelopea
418 2182 509 2240 Aelia
522 2182 608 2241 Galla
619 2181 717 2240 fidem.

483 2379 551 2418 XIII.

95 2478 249 2551 Quaeritis,
265 2479 343 2537 unde
357 2477 451 2537 avidis
463 2497 523 2535 nox
538 2477 577 2537 sit
589 2478 714 2554 pretiosa
726 2477 842 2554 puellis,

132 2579 172 2636 Et
184 2578 298 2636 Venere
312 2578 470 2636 exhaustae
483 2577 588 2635 damna
601 2558 761 2654 querantur
774 2596 851 2652 opes.

94 2675 179 2733 (ferta
193 2675 311 2753 quidem
323 2675 416 2733 tantis
429 2695 514 2734 causa
528 2679 558 2733 et
571 2675 725 2734 manifesta
737 2674 849 2733 ruinis:

132 2774 282 2832 Luxuriae
295 2773 419 2834 nimium
432 2775 525 2833 libera
536 2774 615 2832 faeta
627 2774 676 2832 via
689 2776 743 2832 est.

93 2873 168 2931 Inda
181 2871 260 2931 cavis
273 2891 376 2932 aurum
390 2872 484 2931 mittit
497 2871 618 2930 formica
631 2870 766 2943 metallis,
926 2874 943 2924 5

132 2971 173 3029 Et
185 2969 269 3029 venit
282 2989 298 3029 e
311 2972 399 3029 rubro
414 2970 522 3029 concha
535 2970 663 3046 Erycina
676 2970 745 3040 salo,

94 3068 133 3126 Et
147 3068 240 3145 Tyros
253 3068 377 3128 ostrinos
389 3071 510 3145 praebet
523 3068 647 3127 Cadmea
660 3069 776 3139 colores,

134 3166 295 3226 (lihnamon
308 3171 339 3226 et
351 3168 439 3227 multi
451 3173 549 3244 pastor
563 3167 657 3226 odoris
670 3168 773 3225 Arabs.

94 3264 176 3323 Haeo
190 3265 278 3324 etiam
291 3266 426 3342 nymphae
439 3269 612 3343 expugnant
625 3285 704 3324 arma
716 3264 845 3341 pudicas,

134 3362 275 3440 Quaeque
288 3365 514 3439 a‘terantfastus,
530 3364 659 3437 Icarioti,
675 3367 752 3424 tuos.
910 3367 945 3420 10
982 3375 984 3380 ’
1016 3384 1056 3508 1
