2122 3728
227 214 446 273 PROPERTII
467 213 528 272 ΕΒ.
550 214 594 285 ΙΙ,
621 219 665 272 15.
690 218 736 272 16.
875 218 911 270 45

60 373 107 433 Sic
120 371 214 444 nobis,
232 372 284 449 qui
297 391 375 430 nunc
389 391 528 446 magnum
541 391 689 447 speramus
704 375 841 443 amantes,

97 472 235 531 Forsitan
247 471 381 530 includet
395 469 522 529 crastina
534 468 597 529 fata
610 469 682 529 dies.

458 659 520 699 XVI.

59 764 181 821 Praetor
194 764 230 823 ab
244 761 375 840 Illyricis
389 761 471 820 venit
484 761 577 832 modo,
594 760 723 838 cynthia
736 762 831 834 terris,

99 862 231 920 Maxima
243 861 350 937 praeda
362 860 426 932 tibi,
443 859 570 918 maxima
584 879 653 917 eura
664 859 747 918 mihi.

60 959 128 1018 Non
141 959 240 1035 potuit
253 978 324 1018 saxo
338 959 432 1017 vitam
444 959 574 1034 posuisse
588 958 743 1018 Cerauno?

100 1059 157 1130 Ah,
173 1058 322 1134 Neptune,
337 1057 393 1116 tibi
408 1057 507 1134 qualia
520 1058 595 1115 dona
607 1058 722 1117 darem!
832 1052 834 1058 ¹

60 1159 89 1215 N
91 1178 147 1215 unc
162 1158 223 1216 sine
237 1177 284 1216 me
298 1157 386 1233 plena
398 1157 476 1215 finnt
489 1156 623 1215 convivia
635 1177 743 1232 mensa,
895 1166 912 1218 5

99 1256 128 1313 N
130 1275 186 1314 unc
201 1255 262 1313 sine
276 1276 322 1315 me
336 1259 399 1314 tcta
412 1255 500 1313 ianua
513 1260 598 1314 nocte
612 1260 705 1333 patet.

60 1353 166 1425 Quare,
183 1353 207 1411 si
222 1353 307 1430 sapis,
324 1353 436 1412 oblatas
448 1373 486 1411 ne
499 1353 598 1412 desere
613 1374 727 1427 messes,

100 1455 140 1512 Et
153 1453 292 1512 stolidum
305 1453 392 1529 pleno
405 1453 514 1511 vessero
529 1472 613 1530 carpe
627 1474 733 1530 pecus:

60 1555 183 1627 Deinde,
196 1553 248 1612 ubi
262 1556 432 1629 consumpto
445 1553 569 1613 restabit
581 1575 701 1614 munere
714 1576 832 1633 pauper,

100 1653 156 1712 Dic
170 1653 242 1711 alias
255 1652 362 1711 iterum
375 1653 495 1727 naviget
509 1653 639 1731 Illyrias.
879 1663 914 1715 lo

62 1753 191 1830 Cynthia
203 1772 263 1810 ncn
276 1752 410 1829 sequitur
422 1751 524 1824 fasces,
540 1771 594 1810 nec
609 1757 692 1812 curat
705 1755 846 1814 honores:

102 1853 222 1929 Semper
235 1855 396 1910 amatorum
409 1852 552 1928 ponderat
565 1872 626 1911 una
640 1853 730 1915 sinus‘.

61 1954 103 2011 At
116 1955 151 2009 tn
164 1970 243 2009 nunc
256 1953 364 2022 nostro,
380 1950 490 2023 Venus,
507 1970 524 2009 o
538 1970 674 2010 succurre
687 1953 787 2026 dolori,

101 2051 232 2126 Rumpat
244 2052 279 2108 ut
293 2048 415 2108 assiduis
429 2052 558 2108 membra
570 2049 751 2110 libidinibus.

62 2150 139 2224 Ergo
153 2149 323 2208 muneribus
337 2150 435 2226 quivis
449 2153 596 2208 mercatur
609 2150 758 2209 amorem?
879 2156 913 2209 15

101 2248 245 2325 Iuppiter,
262 2247 384 2322 indigna
396 2268 491 2308 merce
504 2250 606 2326 puella
618 2251 704 2327 perit.

63 2348 183 2422 Semper
195 2346 228 2404 in
242 2347 388 2405 Oceanum
401 2326 495 2407 mittit
508 2367 554 2406 me
569 2368 706 2424 quaerere
720 2369 855 2424 gemmas,

101 2446 142 2504 Et
151 2445 235 2504 iubet
249 2464 287 2503 ex
300 2445 363 2520 ipsc
376 2445 480 2504 tollere
494 2445 569 2504 dona
581 2446 669 2524 Tyro.

62 2545 163 2619 Atque
177 2544 292 2601 utinam
305 2544 414 2602 Romae
427 2563 512 2603 nemo
527 2548 602 2604 esset
615 2545 705 2619 dives,
723 2550 753 2606 et
765 2547 827 2624 ipse

104 2640 268 2701 Straminea
280 2644 379 2716 posset
392 2642 454 2700 dux
467 2643 600 2702 habitare
614 2644 694 2703 oasa!
807 2697 809 2702 .
878 2650 915 2702 20

62 2740 233 2816 Numquam
245 2740 363 2798 venales
377 2743 473 2798 essent
488 2740 524 2798 ad
537 2760 644 2800 munus
657 2742 774 2815 amisse,

102 2839 203 2915 Atque
216 2857 277 2895 nna
289 2838 372 2896 fieret
386 2857 457 2896 cana
469 2840 569 2915 puella
581 2840 674 2898 domo.

62 2937 226 3014 Numquam
240 2940 374 3013 septenas
387 2940 488 2996 noctes
502 2938 634 2996 seiuncta
647 2939 772 3010 cubares,

104 3036 233 3094 Candida
245 3038 308 3093 tam
320 3034 404 3094 foedo
417 3035 535 3094 brachia
548 3035 615 3094 fusa
627 3037 699 3108 viro,

63 3133 131 3191 Non
145 3133 215 3210 quia
227 3134 378 3210 peccarim,
394 3137 487 3193 testor
499 3138 538 3207 te,
556 3134 605 3193 sed
619 3135 689 3210 quia
702 3135 790 3210 vulgo
877 3141 914 3193 25

104 3231 250 3290 Formosis
263 3233 368 3291 levitas
382 3252 495 3309 semper
508 3233 600 3291 amica
611 3232 681 3291 fuit.

64 3333 210 3391 Barbarus
225 3331 351 3391 excussis
366 3331 458 3406 agitat
471 3332 595 3408 vestigia
608 3332 723 3406 lumbis,
