<?xml version="1.0" encoding="UTF-8"?>
<!DOCTYPE html PUBLIC "-//W3C//DTD XHTML 1.0 Transitional//EN"
    "http://www.w3.org/TR/xhtml1/DTD/xhtml1-transitional.dtd">
<html xmlns="http://www.w3.org/1999/xhtml" xml:lang="en" lang="en">
 <head>
  <title>
</title>
<meta http-equiv="Content-Type" content="text/html;charset=utf-8" />
  <meta name='ocr-system' content='tesseract 3.04.00' />
  <meta name='ocr-capabilities' content='ocr_page ocr_carea ocr_par ocr_line ocrx_word'/>
</head>
<body>
  <div class='ocr_page' id='page_1' title='image "./sexpropertiiele01propgoog_0146.png"; bbox 0 0 2122 3728; ppageno 0'>
   <div class='ocr_carea' id='block_1_1' title="bbox 288 249 776 322">
    <p class='ocr_par' dir='ltr' id='par_1_1' title="bbox 288 249 776 322">
     <span class='ocr_line' id='line_1_1' title="bbox 288 249 776 322; baseline -0.014 -14"><span class='ocrx_word' id='word_1_1' title='bbox 288 249 508 308; x_wconf 81' lang='lat' dir='ltr'>PROPERTII</span> <span class='ocrx_word' id='word_1_2' title='bbox 528 249 590 308; x_wconf 82' lang='lat' dir='ltr'><strong>EL.</strong></span> <span class='ocrx_word' id='word_1_3' title='bbox 611 249 722 322; x_wconf 82' lang='lat'><strong>11‚34.</strong></span> <span class='ocrx_word' id='word_1_4' title='bbox 774 297 776 301; x_wconf 89' lang='lat'><em>.</em></span> 
     </span>
    </p>
   </div>
   <div class='ocr_carea' id='block_1_2' title="bbox 79 406 940 3441">
    <p class='ocr_par' dir='ltr' id='par_1_2' title="bbox 79 406 832 2355">
     <span class='ocr_line' id='line_1_2' title="bbox 80 406 799 482; baseline 0.004 -18"><span class='ocrx_word' id='word_1_5' title='bbox 80 407 136 465; x_wconf 84' lang='lat' dir='ltr'><strong>Sed</strong></span> <span class='ocrx_word' id='word_1_6' title='bbox 149 426 207 464; x_wconf 89' lang='lat' dir='ltr'><strong>non</strong></span> <span class='ocrx_word' id='word_1_7' title='bbox 221 409 290 472; x_wconf 86' lang='lat' dir='ltr'><strong>ante</strong></span> <span class='ocrx_word' id='word_1_8' title='bbox 303 406 387 482; x_wconf 88' lang='lat' dir='ltr'><strong>gravi</strong></span> <span class='ocrx_word' id='word_1_9' title='bbox 399 409 504 466; x_wconf 87' lang='lat' dir='ltr'><strong>taurus</strong></span> <span class='ocrx_word' id='word_1_10' title='bbox 518 407 682 467; x_wconf 70' lang='lat' dir='ltr'><strong>succumbit</strong></span> <span class='ocrx_word' id='word_1_11' title='bbox 694 409 799 480; x_wconf 84' lang='lat' dir='ltr'><strong>aratro,</strong></span> 
     </span>
     <span class='ocr_line' id='line_1_3' title="bbox 119 495 777 582; baseline 0.003 -20"><span class='ocrx_word' id='word_1_12' title='bbox 119 505 233 564; x_wconf 78' lang='lat' dir='ltr'>Cornua</span> <span class='ocrx_word' id='word_1_13' title='bbox 246 525 335 582; x_wconf 88' lang='lat' dir='ltr'><strong>quam</strong></span> <span class='ocrx_word' id='word_1_14' title='bbox 347 505 455 564; x_wconf 88' lang='lat' dir='ltr'><strong>validis</strong></span> <span class='ocrx_word' id='word_1_15' title='bbox 466 505 594 563; x_wconf 77' lang='lat' dir='ltr'><strong>haeserit</strong></span> <span class='ocrx_word' id='word_1_16' title='bbox 606 503 639 562; x_wconf 91' lang='lat' dir='ltr'><strong>in</strong></span> <span class='ocrx_word' id='word_1_17' title='bbox 652 495 777 581; x_wconf 85' lang='lat' dir='ltr'><strong>laqueis,</strong></span> 
     </span>
     <span class='ocr_line' id='line_1_4' title="bbox 79 603 752 680; baseline 0 -19"><span class='ocrx_word' id='word_1_18' title='bbox 79 604 108 661; x_wconf 86' lang='lat' dir='ltr'>N</span> <span class='ocrx_word' id='word_1_19' title='bbox 109 623 140 662; x_wconf 87' lang='lat' dir='ltr'><strong>ec</strong></span> <span class='ocrx_word' id='word_1_20' title='bbox 153 606 189 661; x_wconf 90' lang='lat' dir='ltr'><strong>tu</strong></span> <span class='ocrx_word' id='word_1_21' title='bbox 203 608 263 662; x_wconf 79' lang='lat' dir='ltr'><strong>tam</strong></span> <span class='ocrx_word' id='word_1_22' title='bbox 276 604 364 662; x_wconf 90' lang='lat' dir='ltr'><strong>duros</strong></span> <span class='ocrx_word' id='word_1_23' title='bbox 376 623 430 680; x_wconf 87' lang='lat' dir='ltr'><strong>per</strong></span> <span class='ocrx_word' id='word_1_24' title='bbox 442 608 474 662; x_wconf 92' lang='lat' dir='ltr'><strong>te</strong></span> <span class='ocrx_word' id='word_1_25' title='bbox 486 603 608 680; x_wconf 88' lang='lat' dir='ltr'><strong>patieris</strong></span> <span class='ocrx_word' id='word_1_26' title='bbox 622 623 752 663; x_wconf 87' lang='lat' dir='ltr'><strong>amores:</strong></span> 
     </span>
     <span class='ocr_line' id='line_1_5' title="bbox 118 700 779 762; baseline 0.002 -3"><span class='ocrx_word' id='word_1_27' title='bbox 118 700 200 759; x_wconf 80' lang='lat' dir='ltr'><strong>Trux</strong></span> <span class='ocrx_word' id='word_1_28' title='bbox 213 705 313 762; x_wconf 89' lang='lat' dir='ltr'><strong>tamen</strong></span> <span class='ocrx_word' id='word_1_29' title='bbox 326 701 441 761; x_wconf 89' lang='lat' dir='ltr'><strong>anobis</strong></span> <span class='ocrx_word' id='word_1_30' title='bbox 455 705 524 761; x_wconf 88' lang='lat' dir='ltr'><strong>ante</strong></span> <span class='ocrx_word' id='word_1_31' title='bbox 538 703 699 762; x_wconf 90' lang='lat' dir='ltr'><strong>domandus</strong></span> <span class='ocrx_word' id='word_1_32' title='bbox 713 702 779 762; x_wconf 89' lang='lat' dir='ltr'><strong>oris.</strong></span> 
     </span>
     <span class='ocr_line' id='line_1_6' title="bbox 80 799 813 877; baseline 0.005 -21"><span class='ocrx_word' id='word_1_33' title='bbox 80 799 193 857; x_wconf 90' lang='lat' dir='ltr'><strong>Harum</strong></span> <span class='ocrx_word' id='word_1_34' title='bbox 208 799 292 858; x_wconf 89' lang='lat' dir='ltr'><strong>nulla</strong></span> <span class='ocrx_word' id='word_1_35' title='bbox 305 799 380 860; x_wconf 87' lang='lat' dir='ltr'><strong>solet</strong></span> <span class='ocrx_word' id='word_1_36' title='bbox 391 800 535 859; x_wconf 87' lang='lat' dir='ltr'><strong>rationem</strong></span> <span class='ocrx_word' id='word_1_37' title='bbox 549 819 688 877; x_wconf 88' lang='lat' dir='ltr'><strong>quaerere</strong></span> <span class='ocrx_word' id='word_1_38' title='bbox 701 800 813 874; x_wconf 90' lang='lat' dir='ltr'><strong>mundi,</strong></span> 
     </span>
     <span class='ocr_line' id='line_1_7' title="bbox 120 898 731 975; baseline 0.002 -19"><span class='ocrx_word' id='word_1_39' title='bbox 120 899 149 956; x_wconf 87' lang='lat' dir='ltr'>N</span> <span class='ocrx_word' id='word_1_40' title='bbox 150 918 182 957; x_wconf 92' lang='lat' dir='ltr'><strong>ec</strong></span> <span class='ocrx_word' id='word_1_41' title='bbox 195 918 248 958; x_wconf 89' lang='lat' dir='ltr'><strong>our</strong></span> <span class='ocrx_word' id='word_1_42' title='bbox 260 898 400 958; x_wconf 74' lang='lat' dir='ltr'><strong>fraternis</strong></span> <span class='ocrx_word' id='word_1_43' title='bbox 413 899 498 957; x_wconf 89' lang='lat' dir='ltr'><strong>Luna</strong></span> <span class='ocrx_word' id='word_1_44' title='bbox 510 899 624 959; x_wconf 87' lang='lat' dir='ltr'><strong>laboret</strong></span> <span class='ocrx_word' id='word_1_45' title='bbox 639 899 731 975; x_wconf 88' lang='lat' dir='ltr'><strong>equis,</strong></span> 
     </span>
     <span class='ocr_line' id='line_1_8' title="bbox 82 996 813 1075; baseline 0.004 -20"><span class='ocrx_word' id='word_1_46' title='bbox 82 998 111 1055; x_wconf 87' lang='lat' dir='ltr'>N</span> <span class='ocrx_word' id='word_1_47' title='bbox 112 1017 143 1055; x_wconf 91' lang='lat' dir='ltr'><strong>eo</strong></span> <span class='ocrx_word' id='word_1_48' title='bbox 158 997 183 1055; x_wconf 91' lang='lat' dir='ltr'><strong>si</strong></span> <span class='ocrx_word' id='word_1_49' title='bbox 194 1000 262 1073; x_wconf 88' lang='lat' dir='ltr'><strong>post</strong></span> <span class='ocrx_word' id='word_1_50' title='bbox 275 998 394 1075; x_wconf 84' lang='lat' dir='ltr'><strong>Stygias</strong></span> <span class='ocrx_word' id='word_1_51' title='bbox 409 997 521 1074; x_wconf 85' lang='lat' dir='ltr'><strong>aliquid</strong></span> <span class='ocrx_word' id='word_1_52' title='bbox 534 996 703 1056; x_wconf 78' lang='lat' dir='ltr'><strong>restabimac</strong></span> <span class='ocrx_word' id='word_1_53' title='bbox 715 999 813 1071; x_wconf 80' lang='lat' dir='ltr'><strong>andos,</strong></span> 
     </span>
     <span class='ocr_line' id='line_1_9' title="bbox 121 1096 735 1156; baseline 0.003 -2"><span class='ocrx_word' id='word_1_54' title='bbox 121 1097 182 1155; x_wconf 89' lang='lat' dir='ltr'><strong>Nec</strong></span> <span class='ocrx_word' id='word_1_55' title='bbox 197 1096 221 1156; x_wconf 93' lang='lat' dir='ltr'><strong>si</strong></span> <span class='ocrx_word' id='word_1_56' title='bbox 236 1097 369 1156; x_wconf 89' lang='lat' dir='ltr'><strong>consulto</strong></span> <span class='ocrx_word' id='word_1_57' title='bbox 382 1096 509 1155; x_wconf 78' lang='lat' dir='ltr'><strong>fulmina</strong></span> <span class='ocrx_word' id='word_1_58' title='bbox 522 1096 610 1155; x_wconf 87' lang='lat' dir='ltr'><strong>missa</strong></span> <span class='ocrx_word' id='word_1_59' title='bbox 622 1100 735 1156; x_wconf 85' lang='lat' dir='ltr'><strong>tonent.</strong></span> 
     </span>
     <span class='ocr_line' id='line_1_10' title="bbox 82 1194 832 1281; baseline 0.007 -30"><span class='ocrx_word' id='word_1_60' title='bbox 82 1194 189 1270; x_wconf 89' lang='lat' dir='ltr'><strong>Aspice</strong></span> <span class='ocrx_word' id='word_1_61' title='bbox 201 1214 257 1267; x_wconf 89' lang='lat' dir='ltr'><strong>mo,</strong></span> <span class='ocrx_word' id='word_1_62' title='bbox 274 1195 322 1254; x_wconf 90' lang='lat' dir='ltr'><strong>oui</strong></span> <span class='ocrx_word' id='word_1_63' title='bbox 334 1214 425 1271; x_wconf 86' lang='lat' dir='ltr'><strong>parva</strong></span> <span class='ocrx_word' id='word_1_64' title='bbox 438 1194 516 1253; x_wconf 91' lang='lat' dir='ltr'><strong>domi</strong></span> <span class='ocrx_word' id='word_1_65' title='bbox 529 1195 650 1254; x_wconf 77' lang='lat' dir='ltr'><strong>fortuna</strong></span> <span class='ocrx_word' id='word_1_66' title='bbox 662 1195 766 1281; x_wconf 84' lang='lat' dir='ltr'><strong>relicta</strong></span> <span class='ocrx_word' id='word_1_67' title='bbox 779 1199 832 1269; x_wconf 90' lang='lat' dir='ltr'><strong>est,</strong></span> 
     </span>
     <span class='ocr_line' id='line_1_11' title="bbox 122 1293 771 1371; baseline 0.005 -20"><span class='ocrx_word' id='word_1_68' title='bbox 122 1294 151 1351; x_wconf 86' lang='lat' dir='ltr'>N</span> <span class='ocrx_word' id='word_1_69' title='bbox 151 1293 232 1353; x_wconf 89' lang='lat' dir='ltr'><strong>ullus</strong></span> <span class='ocrx_word' id='word_1_70' title='bbox 246 1298 276 1355; x_wconf 87' lang='lat' dir='ltr'><strong>et</strong></span> <span class='ocrx_word' id='word_1_71' title='bbox 289 1294 411 1371; x_wconf 86' lang='lat' dir='ltr'><strong>antiquo</strong></span> <span class='ocrx_word' id='word_1_72' title='bbox 424 1293 521 1353; x_wconf 85' lang='lat' dir='ltr'><strong>Marte</strong></span> <span class='ocrx_word' id='word_1_73' title='bbox 533 1293 701 1370; x_wconf 89' lang='lat' dir='ltr'><strong>triumphus</strong></span> <span class='ocrx_word' id='word_1_74' title='bbox 713 1295 771 1369; x_wconf 87' lang='lat' dir='ltr'><strong>avi,</strong></span> 
     </span>
     <span class='ocr_line' id='line_1_12' title="bbox 83 1391 734 1468; baseline 0.002 -17"><span class='ocrx_word' id='word_1_75' title='bbox 83 1393 259 1468; x_wconf 81' lang='lat' dir='ltr'><strong>Utregnem</strong></span> <span class='ocrx_word' id='word_1_76' title='bbox 272 1392 381 1452; x_wconf 78' lang='lat' dir='ltr'><strong>mixtas</strong></span> <span class='ocrx_word' id='word_1_77' title='bbox 393 1392 472 1451; x_wconf 90' lang='lat' dir='ltr'><strong>inter</strong></span> <span class='ocrx_word' id='word_1_78' title='bbox 486 1391 608 1451; x_wconf 89' lang='lat' dir='ltr'><strong>conviva</strong></span> <span class='ocrx_word' id='word_1_79' title='bbox 620 1394 734 1468; x_wconf 89' lang='lat' dir='ltr'><strong>puellas</strong></span> 
     </span>
     <span class='ocr_line' id='line_1_13' title="bbox 102 1491 762 1568; baseline 0 -18"><span class='ocrx_word' id='word_1_80' title='bbox 102 1563 104 1567; x_wconf 20' lang='grc' dir='ltr'>Ι</span> <span class='ocrx_word' id='word_1_81' title='bbox 122 1491 187 1550; x_wconf 92' lang='lat' dir='ltr'><strong>Hoc</strong></span> <span class='ocrx_word' id='word_1_82' title='bbox 201 1511 264 1566; x_wconf 92' lang='lat' dir='ltr'><strong>ego,</strong></span> <span class='ocrx_word' id='word_1_83' title='bbox 280 1510 338 1568; x_wconf 90' lang='lat' dir='ltr'><strong>quo</strong></span> <span class='ocrx_word' id='word_1_84' title='bbox 352 1491 500 1559; x_wconf 81' lang='lat' dir='ltr'><strong>tibinunc</strong></span> <span class='ocrx_word' id='word_1_85' title='bbox 514 1492 619 1564; x_wconf 81' lang='lat' dir='ltr'><strong>elevor,</strong></span> <span class='ocrx_word' id='word_1_86' title='bbox 635 1491 762 1567; x_wconf 87' lang='lat' dir='ltr'><strong>ingenio.</strong></span> 
     </span>
     <span class='ocr_line' id='line_1_14' title="bbox 84 1576 818 1666; baseline 0.005 -20"><span class='ocrx_word' id='word_1_87' title='bbox 84 1589 133 1647; x_wconf 87' lang='lat' dir='ltr'><strong>Me</strong></span> <span class='ocrx_word' id='word_1_88' title='bbox 145 1589 229 1649; x_wconf 82' lang='lat' dir='ltr'><strong>iuvet</strong></span> <span class='ocrx_word' id='word_1_89' title='bbox 241 1589 387 1650; x_wconf 73' lang='lat' dir='ltr'><strong>hesternis</strong></span> <span class='ocrx_word' id='word_1_90' title='bbox 399 1576 528 1666; x_wconf 85' lang='lat' dir='ltr'><strong>positum</strong></span> <span class='ocrx_word' id='word_1_91' title='bbox 540 1591 681 1665; x_wconf 78' lang='lat' dir='ltr'><strong>languere</strong></span> <span class='ocrx_word' id='word_1_92' title='bbox 695 1591 818 1664; x_wconf 91' lang='lat' dir='ltr'><strong>corollis,</strong></span> 
     </span>
     <span class='ocr_line' id='line_1_15' title="bbox 124 1687 755 1763; baseline 0.005 -17"><span class='ocrx_word' id='word_1_93' title='bbox 124 1687 218 1753; x_wconf 82' lang='lat' dir='ltr'><strong>Quem</strong></span> <span class='ocrx_word' id='word_1_94' title='bbox 230 1688 332 1763; x_wconf 86' lang='lat' dir='ltr'><strong>tetigit</strong></span> <span class='ocrx_word' id='word_1_95' title='bbox 344 1688 424 1748; x_wconf 92' lang='lat' dir='ltr'><strong>iactu</strong></span> <span class='ocrx_word' id='word_1_96' title='bbox 438 1692 535 1748; x_wconf 88' lang='lat' dir='ltr'><strong>certus</strong></span> <span class='ocrx_word' id='word_1_97' title='bbox 548 1690 585 1749; x_wconf 89' lang='lat' dir='ltr'><strong>ad</strong></span> <span class='ocrx_word' id='word_1_98' title='bbox 598 1709 662 1748; x_wconf 87' lang='lat' dir='ltr'><strong>ossa</strong></span> <span class='ocrx_word' id='word_1_99' title='bbox 674 1691 755 1763; x_wconf 89' lang='lat' dir='ltr'><strong>deus,</strong></span> 
     </span>
     <span class='ocr_line' id='line_1_16' title="bbox 84 1774 713 1861; baseline 0.003 -18"><span class='ocrx_word' id='word_1_100' title='bbox 84 1785 171 1844; x_wconf 87' lang='lat' dir='ltr'><strong>Actia</strong></span> <span class='ocrx_word' id='word_1_101' title='bbox 183 1774 339 1861; x_wconf 78' lang='lat' dir='ltr'><strong>Virgilium</strong></span> <span class='ocrx_word' id='word_1_102' title='bbox 353 1787 480 1847; x_wconf 90' lang='lat' dir='ltr'><strong>custodis</strong></span> <span class='ocrx_word' id='word_1_103' title='bbox 492 1787 581 1846; x_wconf 89' lang='lat' dir='ltr'><strong>litora</strong></span> <span class='ocrx_word' id='word_1_104' title='bbox 593 1779 713 1861; x_wconf 78' lang='lat' dir='ltr'><strong>Phoebi,</strong></span> 
     </span>
     <span class='ocr_line' id='line_1_17' title="bbox 125 1883 708 1963; baseline 0.003 -21"><span class='ocrx_word' id='word_1_105' title='bbox 125 1883 255 1943; x_wconf 81' lang='lat' dir='ltr'><strong>Caesaris</strong></span> <span class='ocrx_word' id='word_1_106' title='bbox 268 1888 299 1944; x_wconf 86' lang='lat' dir='ltr'><strong>et</strong></span> <span class='ocrx_word' id='word_1_107' title='bbox 311 1885 403 1944; x_wconf 75' lang='lat' dir='ltr'><strong>fortes</strong></span> <span class='ocrx_word' id='word_1_108' title='bbox 416 1885 512 1945; x_wconf 78' lang='lat' dir='ltr'><strong>dicere</strong></span> <span class='ocrx_word' id='word_1_109' title='bbox 525 1905 609 1963; x_wconf 87' lang='lat' dir='ltr'><strong>posse</strong></span> <span class='ocrx_word' id='word_1_110' title='bbox 621 1891 708 1958; x_wconf 88' lang='lat' dir='ltr'><strong>rates,</strong></span> 
     </span>
     <span class='ocr_line' id='line_1_18' title="bbox 85 1981 726 2047; baseline 0.006 -7"><span class='ocrx_word' id='word_1_111' title='bbox 85 1981 143 2047; x_wconf 80' lang='lat' dir='ltr'><strong>Qui</strong></span> <span class='ocrx_word' id='word_1_112' title='bbox 155 2001 236 2042; x_wconf 91' lang='lat' dir='ltr'><strong>nunc</strong></span> <span class='ocrx_word' id='word_1_113' title='bbox 249 1984 366 2043; x_wconf 80' lang='lat' dir='ltr'><strong>Aeneae</strong></span> <span class='ocrx_word' id='word_1_114' title='bbox 380 1983 498 2044; x_wconf 81' lang='lat' dir='ltr'><strong>Troiani</strong></span> <span class='ocrx_word' id='word_1_115' title='bbox 511 1984 634 2045; x_wconf 86' lang='lat' dir='ltr'><strong>suscitat</strong></span> <span class='ocrx_word' id='word_1_116' title='bbox 646 2004 726 2044; x_wconf 85' lang='lat' dir='ltr'><strong>arma</strong></span> 
     </span>
     <span class='ocr_line' id='line_1_19' title="bbox 123 2081 684 2159; baseline 0.005 -20"><span class='ocrx_word' id='word_1_117' title='bbox 123 2081 265 2159; x_wconf 89' lang='lat' dir='ltr'><strong>Iactaque</strong></span> <span class='ocrx_word' id='word_1_118' title='bbox 279 2082 400 2142; x_wconf 85' lang='lat' dir='ltr'><strong>Lavinis</strong></span> <span class='ocrx_word' id='word_1_119' title='bbox 413 2084 526 2142; x_wconf 89' lang='lat' dir='ltr'><strong>moenia</strong></span> <span class='ocrx_word' id='word_1_120' title='bbox 538 2083 684 2142; x_wconf 87' lang='lat' dir='ltr'><strong>litoribus.</strong></span> 
     </span>
     <span class='ocr_line' id='line_1_20' title="bbox 86 2179 714 2257; baseline 0.006 -20"><span class='ocrx_word' id='word_1_121' title='bbox 86 2179 187 2238; x_wconf 76' lang='lat' dir='ltr'><strong>cedite</strong></span> <span class='ocrx_word' id='word_1_122' title='bbox 200 2179 325 2238; x_wconf 87' lang='lat' dir='ltr'><strong>Romani</strong></span> <span class='ocrx_word' id='word_1_123' title='bbox 339 2180 501 2257; x_wconf 79' lang='lat' dir='ltr'><strong>scriptores,</strong></span> <span class='ocrx_word' id='word_1_124' title='bbox 517 2180 611 2241; x_wconf 81' lang='lat' dir='ltr'><strong>cedite</strong></span> <span class='ocrx_word' id='word_1_125' title='bbox 625 2181 714 2241; x_wconf 81' lang='lat' dir='ltr'><strong>Grai:</strong></span> 
     </span>
     <span class='ocr_line' id='line_1_21' title="bbox 125 2277 685 2355; baseline 0.005 -19"><span class='ocrx_word' id='word_1_126' title='bbox 125 2277 231 2336; x_wconf 86' lang='lat' dir='ltr'><strong>Nescio</strong></span> <span class='ocrx_word' id='word_1_127' title='bbox 245 2278 317 2355; x_wconf 91' lang='lat' dir='ltr'><strong>quid</strong></span> <span class='ocrx_word' id='word_1_128' title='bbox 329 2279 423 2337; x_wconf 91' lang='lat' dir='ltr'><strong>maius</strong></span> <span class='ocrx_word' id='word_1_129' title='bbox 436 2279 568 2338; x_wconf 85' lang='lat' dir='ltr'><strong>nascitur</strong></span> <span class='ocrx_word' id='word_1_130' title='bbox 581 2280 685 2339; x_wconf 85' lang='lat' dir='ltr'><strong>Iliade.</strong></span> 
     </span>
    </p>

    <p class='ocr_par' dir='ltr' id='par_1_3' title="bbox 86 2377 937 2754">
     <span class='ocr_line' id='line_1_22' title="bbox 86 2377 724 2455; baseline 0.005 -20"><span class='ocrx_word' id='word_1_131' title='bbox 86 2378 131 2436; x_wconf 87' lang='lat' dir='ltr'><strong>Tu</strong></span> <span class='ocrx_word' id='word_1_132' title='bbox 145 2377 225 2436; x_wconf 87' lang='lat' dir='ltr'><strong>canis</strong></span> <span class='ocrx_word' id='word_1_133' title='bbox 239 2378 368 2438; x_wconf 89' lang='lat' dir='ltr'><strong>umbrosi</strong></span> <span class='ocrx_word' id='word_1_134' title='bbox 381 2380 481 2439; x_wconf 88' lang='lat' dir='ltr'><strong>subter</strong></span> <span class='ocrx_word' id='word_1_135' title='bbox 494 2379 595 2455; x_wconf 90' lang='lat' dir='ltr'><strong>pineta</strong></span> <span class='ocrx_word' id='word_1_136' title='bbox 608 2380 724 2440; x_wconf 81' lang='lat' dir='ltr'><strong>Galaesi</strong></span> 
     </span>
     <span class='ocr_line' id='line_1_23' title="bbox 126 2476 794 2554; baseline 0.007 -20"><span class='ocrx_word' id='word_1_137' title='bbox 126 2476 253 2554; x_wconf 79' lang='lat' dir='ltr'><strong>Thyrsin</strong></span> <span class='ocrx_word' id='word_1_138' title='bbox 267 2480 297 2537; x_wconf 92' lang='lat' dir='ltr'><strong>et</strong></span> <span class='ocrx_word' id='word_1_139' title='bbox 310 2477 428 2536; x_wconf 87' lang='lat' dir='ltr'><strong>adtritis</strong></span> <span class='ocrx_word' id='word_1_140' title='bbox 440 2478 581 2554; x_wconf 87' lang='lat' dir='ltr'><strong>Daphnin</strong></span> <span class='ocrx_word' id='word_1_141' title='bbox 594 2478 794 2551; x_wconf 89' lang='lat' dir='ltr'><strong>arundinibus,</strong></span> 
     </span>
     <span class='ocr_line' id='line_1_24' title="bbox 87 2575 846 2655; baseline 0.004 -22"><span class='ocrx_word' id='word_1_142' title='bbox 87 2575 187 2651; x_wconf 87' lang='lat' dir='ltr'><strong>thue</strong></span> <span class='ocrx_word' id='word_1_143' title='bbox 201 2575 300 2635; x_wconf 90' lang='lat' dir='ltr'><strong>decem</strong></span> <span class='ocrx_word' id='word_1_144' title='bbox 312 2575 425 2652; x_wconf 87' lang='lat' dir='ltr'><strong>possint</strong></span> <span class='ocrx_word' id='word_1_145' title='bbox 439 2595 621 2653; x_wconf 88' lang='lat' dir='ltr'><strong>corrumpere</strong></span> <span class='ocrx_word' id='word_1_146' title='bbox 634 2578 712 2636; x_wconf 86' lang='lat' dir='ltr'><strong>mala</strong></span> <span class='ocrx_word' id='word_1_147' title='bbox 723 2579 846 2655; x_wconf 88' lang='lat' dir='ltr'><strong>puellas,</strong></span> 
     </span>
     <span class='ocr_line' id='line_1_25' title="bbox 100 2673 937 2754; baseline 0 -22"><span class='ocrx_word' id='word_1_148' title='bbox 100 2742 107 2754; x_wconf 42' lang='lat'><strong>·</strong></span> <span class='ocrx_word' id='word_1_149' title='bbox 127 2673 235 2734; x_wconf 88' lang='lat' dir='ltr'><strong>Missus</strong></span> <span class='ocrx_word' id='word_1_150' title='bbox 249 2677 280 2733; x_wconf 88' lang='lat' dir='ltr'><strong>et</strong></span> <span class='ocrx_word' id='word_1_151' title='bbox 292 2674 431 2750; x_wconf 90' lang='lat' dir='ltr'><strong>inpressis</strong></span> <span class='ocrx_word' id='word_1_152' title='bbox 444 2676 554 2734; x_wconf 88' lang='lat' dir='ltr'><strong>haedus</strong></span> <span class='ocrx_word' id='word_1_153' title='bbox 567 2677 603 2735; x_wconf 90' lang='lat' dir='ltr'><strong>ab</strong></span> <span class='ocrx_word' id='word_1_154' title='bbox 617 2675 764 2735; x_wconf 90' lang='lat' dir='ltr'><strong>uberibus.</strong></span> <span class='ocrx_word' id='word_1_155' title='bbox 901 2678 937 2733; x_wconf 81' lang='lat'><strong>70</strong></span> 
     </span>
    </p>

    <p class='ocr_par' dir='ltr' id='par_1_4' title="bbox 88 2771 863 2950">
     <span class='ocr_line' id='line_1_26' title="bbox 88 2771 863 2849; baseline 0.005 -20"><span class='ocrx_word' id='word_1_156' title='bbox 88 2772 185 2845; x_wconf 82' lang='lat' dir='ltr'><strong>Felix,</strong></span> <span class='ocrx_word' id='word_1_157' title='bbox 201 2771 253 2849; x_wconf 89' lang='lat' dir='ltr'><strong>qui</strong></span> <span class='ocrx_word' id='word_1_158' title='bbox 265 2771 340 2832; x_wconf 85' lang='lat' dir='ltr'><strong>viles</strong></span> <span class='ocrx_word' id='word_1_159' title='bbox 353 2772 446 2848; x_wconf 89' lang='lat' dir='ltr'><strong>pomis</strong></span> <span class='ocrx_word' id='word_1_160' title='bbox 458 2774 595 2833; x_wconf 89' lang='lat' dir='ltr'><strong>mercaris</strong></span> <span class='ocrx_word' id='word_1_161' title='bbox 608 2773 737 2833; x_wconf 78' lang='lat' dir='ltr'><strong>amores!</strong></span> <span class='ocrx_word' id='word_1_162' title='bbox 859 2802 863 2810; x_wconf 84' lang='grc'><em>·</em></span> 
     </span>
     <span class='ocr_line' id='line_1_27' title="bbox 129 2870 758 2950; baseline 0 -20"><span class='ocrx_word' id='word_1_163' title='bbox 129 2870 210 2930; x_wconf 90' lang='lat' dir='ltr'><strong>Huic</strong></span> <span class='ocrx_word' id='word_1_164' title='bbox 223 2870 295 2930; x_wconf 89' lang='lat' dir='ltr'><strong>licet</strong></span> <span class='ocrx_word' id='word_1_165' title='bbox 307 2871 440 2945; x_wconf 84' lang='lat' dir='ltr'><strong>ingratae</strong></span> <span class='ocrx_word' id='word_1_166' title='bbox 454 2871 575 2950; x_wconf 84' lang='lat' dir='ltr'><strong>Tityrus</strong></span> <span class='ocrx_word' id='word_1_167' title='bbox 588 2873 650 2949; x_wconf 87' lang='lat' dir='ltr'><strong>ipse</strong></span> <span class='ocrx_word' id='word_1_168' title='bbox 664 2876 758 2933; x_wconf 87' lang='lat' dir='ltr'><strong>canat.</strong></span> 
     </span>
    </p>

    <p class='ocr_par' dir='ltr' id='par_1_5' title="bbox 90 2968 815 3145">
     <span class='ocr_line' id='line_1_28' title="bbox 90 2968 815 3047; baseline 0.003 -21"><span class='ocrx_word' id='word_1_169' title='bbox 90 2969 178 3028; x_wconf 84' lang='lat' dir='ltr'><strong>Felix</strong></span> <span class='ocrx_word' id='word_1_170' title='bbox 191 2968 337 3028; x_wconf 85' lang='lat' dir='ltr'><strong>intactum</strong></span> <span class='ocrx_word' id='word_1_171' title='bbox 351 2969 485 3046; x_wconf 81' lang='lat' dir='ltr'><strong>Corydon</strong></span> <span class='ocrx_word' id='word_1_172' title='bbox 499 2970 553 3047; x_wconf 87' lang='lat' dir='ltr'><strong>qui</strong></span> <span class='ocrx_word' id='word_1_173' title='bbox 565 2973 691 3047; x_wconf 87' lang='lat' dir='ltr'><strong>temptat</strong></span> <span class='ocrx_word' id='word_1_174' title='bbox 704 2969 815 3030; x_wconf 87' lang='lat' dir='ltr'><strong>Alexin</strong></span> 
     </span>
     <span class='ocr_line' id='line_1_29' title="bbox 130 3066 689 3145; baseline 0.002 -19"><span class='ocrx_word' id='word_1_175' title='bbox 130 3068 285 3144; x_wconf 82' lang='lat' dir='ltr'><strong>Agricolae</strong></span> <span class='ocrx_word' id='word_1_176' title='bbox 298 3067 408 3127; x_wconf 87' lang='lat' dir='ltr'><strong>domini</strong></span> <span class='ocrx_word' id='word_1_177' title='bbox 422 3088 539 3145; x_wconf 89' lang='lat' dir='ltr'><strong>carpere</strong></span> <span class='ocrx_word' id='word_1_178' title='bbox 552 3068 671 3128; x_wconf 87' lang='lat' dir='ltr'><strong>delicias</strong></span> <span class='ocrx_word' id='word_1_179' title='bbox 682 3066 689 3127; x_wconf 83' lang='lat'>1</span> 
     </span>
    </p>

    <p class='ocr_par' dir='ltr' id='par_1_6' title="bbox 93 3166 940 3343">
     <span class='ocr_line' id='line_1_30' title="bbox 93 3166 940 3245; baseline -0.005 -19"><span class='ocrx_word' id='word_1_180' title='bbox 93 3167 233 3233; x_wconf 80' lang='lat' dir='ltr'><strong>Quamvis</strong></span> <span class='ocrx_word' id='word_1_181' title='bbox 245 3167 298 3226; x_wconf 91' lang='lat' dir='ltr'><strong>ille</strong></span> <span class='ocrx_word' id='word_1_182' title='bbox 312 3187 365 3227; x_wconf 87' lang='lat' dir='ltr'><strong>sua</strong></span> <span class='ocrx_word' id='word_1_183' title='bbox 377 3168 471 3227; x_wconf 89' lang='lat' dir='ltr'><strong>lassus</strong></span> <span class='ocrx_word' id='word_1_184' title='bbox 483 3168 648 3245; x_wconf 87' lang='lat' dir='ltr'><strong>requiescat</strong></span> <span class='ocrx_word' id='word_1_185' title='bbox 660 3186 761 3239; x_wconf 87' lang='lat' dir='ltr'><strong>avena,</strong></span> <span class='ocrx_word' id='word_1_186' title='bbox 904 3166 940 3223; x_wconf 78' lang='lat'><strong>75</strong></span> 
     </span>
     <span class='ocr_line' id='line_1_31' title="bbox 133 3265 726 3343; baseline 0 -19"><span class='ocrx_word' id='word_1_187' title='bbox 133 3267 284 3326; x_wconf 84' lang='lat' dir='ltr'><strong>Laudatur</strong></span> <span class='ocrx_word' id='word_1_188' title='bbox 295 3265 392 3325; x_wconf 75' lang='lat' dir='ltr'><strong>facilis</strong></span> <span class='ocrx_word' id='word_1_189' title='bbox 405 3266 483 3326; x_wconf 87' lang='lat' dir='ltr'><strong>inter</strong></span> <span class='ocrx_word' id='word_1_190' title='bbox 495 3265 726 3343; x_wconf 85' lang='lat' dir='ltr'><strong>Hamadryadas.</strong></span> 
     </span>
    </p>

    <p class='ocr_par' dir='ltr' id='par_1_7' title="bbox 94 3363 777 3441">
     <span class='ocr_line' id='line_1_32' title="bbox 94 3363 777 3441; baseline 0.001 -19"><span class='ocrx_word' id='word_1_191' title='bbox 94 3365 140 3424; x_wconf 79' lang='lat' dir='ltr'><strong>Tu</strong></span> <span class='ocrx_word' id='word_1_192' title='bbox 154 3364 233 3424; x_wconf 90' lang='lat' dir='ltr'><strong>canis</strong></span> <span class='ocrx_word' id='word_1_193' title='bbox 245 3363 366 3424; x_wconf 87' lang='lat' dir='ltr'><strong>Ascraei</strong></span> <span class='ocrx_word' id='word_1_194' title='bbox 378 3363 486 3424; x_wconf 85' lang='lat' dir='ltr'><strong>veteris</strong></span> <span class='ocrx_word' id='word_1_195' title='bbox 498 3367 654 3441; x_wconf 87' lang='lat' dir='ltr'><strong>praecepta</strong></span> <span class='ocrx_word' id='word_1_196' title='bbox 665 3367 777 3439; x_wconf 87' lang='lat' dir='ltr'><strong>poetae,</strong></span> 
     </span>
    </p>
   </div>
   <div class='ocr_carea' id='block_1_3' title="bbox 0 0 1077 3728">
    <p class='ocr_par' dir='ltr' id='par_1_8' title="bbox 0 0 1077 3728">
     <span class='ocr_line' id='line_1_33' title="bbox 0 0 1077 3728; baseline 0 0"><span class='ocrx_word' id='word_1_197' title='bbox 0 0 1077 3728; x_wconf 95' lang='lat' dir='ltr'><strong> </strong></span> 
     </span>
    </p>
   </div>
  </div>
 </body>
</html>
