2166 3736
142 223 197 276 100
304 218 524 279 reornarrr
543 221 604 280 aa.
625 221 689 292 111,
714 224 760 278 18.
778 224 823 278 19.

179 376 300 435 Atridae
314 397 418 451 magno
433 398 499 436 oum
512 379 596 438 stetit
610 379 685 438 alter
698 397 786 436 amor.
956 383 992 435 30

140 475 182 533 At
194 475 259 547 tibi,
275 480 367 534 nauta
379 476 442 552 pias
454 476 605 535 hominum
619 476 672 553 qui
685 476 783 535 traicit
796 478 924 549 umbras,

179 574 244 632 Hoc
258 574 373 633 animae
385 577 482 651 portet
497 595 601 651 corpus
614 576 701 635 inane
714 595 791 646 auae,

142 674 206 737 Qua
221 674 335 734 Siculae
348 674 443 733 victor
455 674 572 734 telluris
585 674 725 733 Claudius
739 677 769 733 et
783 693 842 750 qua

180 773 285 832 Caesar
298 775 333 832 ab
346 775 475 832 humana
488 773 575 832 cessit
587 773 619 831 in
632 776 710 832 astra
723 771 780 832 via.

536 969 598 1007 XIX.

142 1067 277 1126 Obicitur
289 1069 398 1127 totiens
411 1072 473 1127 ate
486 1067 559 1126 mihi
572 1073 672 1127 nostra
684 1067 791 1127 libido:

181 1167 272 1225 Crede
286 1167 367 1240 mihi,
383 1166 465 1226 vobis
477 1167 603 1243 imperat
616 1167 673 1226 ista
685 1167 787 1242 magis.

141 1267 209 1337 Voa
225 1266 278 1325 ubi
292 1266 452 1342 contempti
464 1266 586 1342 rupistis
599 1267 684 1325 irena
696 1266 824 1342 pudoris,

181 1364 311 1424 Nescitis
325 1368 425 1441 captae
438 1365 545 1424 mentis
558 1366 665 1425 habere
677 1366 805 1424 modum.

142 1465 274 1522 Flamma
286 1483 338 1540 per
351 1464 483 1522 incensas
496 1464 584 1522 citius
598 1465 715 1523 sedetur
728 1465 838 1537 aristas,
978 1469 995 1520 5

182 1562 377 1638 Fluminaque
391 1562 427 1620 ad
439 1561 531 1620 fontis
545 1562 604 1621 sint
617 1563 749 1622 reditura
762 1566 859 1638 caput,

143 1662 182 1720 Et
195 1661 343 1737 placidum
358 1661 460 1738 Syrtes
472 1665 590 1736 port-nm
604 1666 634 1720 et
647 1663 723 1720 bona
735 1662 823 1720 litora
835 1662 936 1720 nautis

182 1762 324 1819 Praebeat
336 1759 463 1836 bospitio
477 1780 562 1819 saeva
574 1761 672 1819 Malea
685 1780 745 1832 suc,

144 1858 239 1924 Quam
251 1858 343 1935 possit
356 1862 468 1918 vestros
481 1859 636 1936 quisquam
649 1859 860 1935 reprehendere
873 1877 976 1918 cursus

183 1958 223 2016 Et
235 1956 352 2033 rapidae
366 1957 499 2016 stimulos
512 1957 647 2031 frangere
659 1956 817 2034 nequitiae.
959 1961 995 2015 10

144 2056 247 2128 Testis,
264 2055 378 2115 Cretaei
390 2055 484 2114 fastus
497 2075 572 2132 quae
585 2075 668 2132 passa
680 2055 798 2114 iuvenci

48 2208 57 2225 ,
183 2155 287 2214 Induit
300 2155 433 2230 abiegnae
446 2175 554 2214 cornua
565 2154 640 2213 falsa
653 2156 754 2214 borio:

145 2254 239 2313 Testis
253 2255 416 2313 Thessalico
430 2255 556 2329 flagrans
570 2253 713 2313 Salmonis
726 2253 846 2330 Enipeo,

184 2352 266 2417 Quae
278 2353 375 2412 voluit
386 2353 499 2430 liquido
512 2356 577 2413 tota
591 2353 688 2412 subire
701 2354 763 2412 deo.

145 2451 261 2510 Crimen
275 2456 305 2510 et
317 2451 370 2510 iila
383 2451 443 2511 fuit
455 2452 553 2529 patria
565 2470 704 2511 succensa
717 2456 833 2511 senecta
959 2456 996 2510 15

184 2550 305 2608 Arboris
317 2550 349 2608 in
361 2551 479 2609 frondes
492 2551 609 2611 condita
622 2551 744 2628 Myrrha
757 2571 854 2609 novoe.

145 2650 174 2708 N
175 2669 221 2707 am
235 2649 307 2724 quid
319 2649 439 2708 Medeae
453 2649 578 2709 referam
591 2669 649 2727 quo
662 2654 792 2726 tempore
804 2649 907 2708 matris

184 2749 265 2806 Iram
277 2751 414 2807 natorum
427 2749 513 2808 caede
525 2749 620 2826 piavit
633 2749 736 2808 amor?
963 2816 966 2821 ,

88 2916 91 2922 ἱ
146 2845 259 2910 Quidve
273 2845 520 2923 Clytaemestram,
535 2851 757 2925 propterquam
769 2850 833 2906 tota
848 2847 983 2924 Mycenis

185 2944 309 3003 Iniamis
322 2948 423 3021 stupro
437 2949 496 3005 stat
508 2946 634 3022 Pelopea
646 2946 773 3005 domus?
958 2950 995 3003 20

146 3044 242 3119 Teque
256 3063 273 3101 o
286 3044 386 3102 Minoa
398 3045 575 3117 venundata,
592 3045 699 3122 Scylla,
715 3045 818 3120 figura,

185 3143 319 3202 Tendens
331 3163 478 3220 purpurea
490 3163 580 3219 regna
592 3153 715 3221 patema
727 3163 808 3202 coma
818 3143 831 3201 ?

146 3243 232 3299 Hanc
245 3241 337 3316 igitur
350 3243 447 3302 dotem
460 3243 542 3318 virgo
555 3243 747 3320 desponderat
758 3242 854 3301 hosti!

182 3339 265 3414 Nise,
281 3343 348 3402 tuas
361 3345 459 3420 portas
471 3341 574 3402 fraude
586 3342 708 3402 reclusit
720 3344 819 3400 Amor.
