2122 3728
142 229 197 281 114
325 220 541 281 PROPERTH
560 221 623 281 aL.
644 222 699 296 IV,
723 228 751 282 2.
775 229 804 283 3.

178 381 319 440 Transeat
331 383 399 439 ante
411 399 489 439 meos
500 381 590 438 turba
601 383 703 456 togata
714 382 816 458 pedes

139 482 199 540 Sex
212 483 351 557 superant
363 500 464 540 versus
477 480 530 556 (te,
546 479 600 556 qui
614 480 652 539 ad
664 479 834 540 vadimonia
847 480 948 554 curris,

177 579 208 638 N
208 599 246 638 on
258 579 384 657 moror):
406 580 477 638 haec
491 578 593 654 spatiis
606 579 713 638 ultima
726 584 809 639 creta
822 581 905 641 meis.

140 679 233 755 Stipes
247 699 367 738 acernus
380 698 467 751 eram,
482 677 652 755 properanti
664 677 741 737 falce
754 679 882 751 dolatus,

177 779 257 837 Ante
270 778 397 837 Numam
411 780 493 852 grata
504 796 617 854 pauper
629 776 662 835 in
674 779 748 836 urbe
761 777 845 838 deus.
954 783 987 836 60

139 878 181 936 At
193 877 257 949 tibi,
273 877 424 949 Mamuni,
438 877 547 936 formae
561 876 688 935 caelator
701 877 825 951 ahenea,

178 975 279 1034 Tellus
292 977 416 1035 artifices
429 995 466 1035 ne
478 977 555 1034 terat
568 974 644 1034 Osca
656 995 771 1049 manus,

52 1084 55 1089 '
140 1074 198 1140 Qui
211 1094 257 1133 me
270 1077 331 1134 tam
344 1074 445 1134 docilis
457 1072 580 1149 potuisti
591 1072 716 1133 fundere
729 1073 764 1132 in
775 1094 859 1134 usus.

178 1177 277 1235 Unum
291 1195 363 1252 opus
376 1178 429 1249 est,
445 1175 525 1251 operi
536 1194 596 1233 non
608 1174 698 1234 datm
709 1195 790 1235 unns
801 1177 905 1236 honos.

538 1370 587 1409 m·
649 1388 668 1433 14
683 1384 706 1412 ιη
735 1382 864 1439 ludiim<
884 1424 912 1446 (rs-
926 1406 950 1455 f)

929 1450 932 1454 .
954 1448 971 1471 u

138 1472 217 1531 Haec
229 1472 377 1531 Arethusa
390 1491 442 1531 suo
454 1471 549 1530 mittit
561 1470 700 1531 mandata
712 1471 854 1550 Lycotae,

178 1570 252 1629 (lum
264 1570 373 1630 totiens
386 1569 462 1629 absis
475 1569 501 1628 si
512 1571 595 1646 potes
608 1589 671 1629 esse
683 1590 778 1632 meus.

140 1669 172 1728 Si
186 1689 245 1746 qua
257 1672 356 1728 tamen
368 1668 424 1728 tibi
437 1670 548 1728 lecturo
561 1688 628 1744 pars
641 1669 735 1729 oblita
748 1669 855 1745 deerit,

177 1767 260 1827 Haec
274 1769 331 1827 erit
344 1788 360 1828 e
373 1768 499 1828 lacrimis
511 1768 589 1827 iacta
601 1767 693 1827 litura
705 1769 801 1829 meist

140 1868 180 1927 nt
194 1867 219 1926 si
233 1887 291 1945 qua
303 1867 413 1927 incerto
426 1867 512 1926 fallet
524 1870 555 1927 te
567 1867 669 1926 littera
681 1869 791 1940 tractu,
971 1872 986 1924 5

180 1967 270 2041 Signa
282 1986 362 2026 meae
375 1967 495 2025 dextrae
508 1966 567 2024 iam
579 1964 731 2024 morientis
744 1969 845 2027 amnt.

140 2067 182 2124 Te
194 2066 278 2124 modo
291 2065 430 2126 viderunt
442 2065 562 2125 iteratos
574 2065 682 2124 Bactra
688 2085 746 2140 per
757 2072 847 2140 crtus,

178 2164 220 2224 Te
233 2164 316 2222 modo
329 2165 441 2224 munito
453 2163 598 2224 Nearieus
610 2164 703 2223 hostis
717 2183 804 2241 equo,

139 2262 323 2340 Hibernique
336 2264 436 2336 Getae,
451 2265 588 2340 pictoque
600 2262 756 2323 Britannia
769 2283 869 2337 curru,

179 2363 271 2421 Ustus
283 2366 314 2421 et
327 2363 388 2421 an
400 2363 511 2421 decolor
524 2363 617 2421 Indus
630 2380 715 2438 aqua.
955 2365 988 2418 1⁰

140 2463 259 2521 Haecne
271 2462 376 2521 marita
388 2463 459 2521 fides
473 2465 503 2521 et
515 2466 613 2537 pactae
626 2461 682 2518 iam
695 2460 769 2518 mita·
778 2466 892 2534 noctes,

180 2562 254 2621 Cum
266 2562 346 2620 rudis
358 2560 477 2636 urgenti
489 2559 608 2619 brachia
619 2559 699 2618 vieta
711 2559 805 2618 dedi?

140 2661 222 2727 Quae
235 2660 308 2718 mihi
321 2661 461 2719 deductae
472 2659 526 2718 fax
539 2678 622 2717 omen
635 2658 785 2733 praetulit,
801 2657 857 2718 illa

179 2758 282 2817 Traxit
295 2760 330 2817 ab
345 2778 444 2817 everso
457 2758 569 2816 lumina
580 2757 665 2831 nigra
676 2776 756 2832 rogo,

140 2858 180 2916 Et
193 2857 296 2934 Stygio
310 2876 375 2914 sum
388 2877 486 2933 sparsa
497 2858 573 2928 lacu,
589 2875 643 2915 nec
655 2858 735 2914 recta
748 2855 864 2931 capillis
955 2861 987 2914 15

178 2956 263 3016 Vitta
275 2956 343 3014 data
356 2960 408 3027 est,
424 2953 512 3030 nupsi
524 2974 583 3012 non
596 2954 752 3013 comitante
765 2954 829 3012 deo.

139 3054 280 3112 Omnibus
293 3055 352 3112 heu
364 3053 456 3129 portis
468 3054 598 3130 pendent
610 3072 675 3111 mea
686 3051 776 3111 noxia
788 3057 859 3113 vota
871 3075 879 3112 τ

178 3152 302 3210 Texitur
314 3153 385 3210 haec
399 3152 500 3211 castris
513 3155 619 3228 quarta
630 3152 746 3210 lacerna
757 3151 829 3210 tuis.

139 3250 266 3321 Occidet,
281 3249 418 3309 inmerita
430 3251 485 3327 qui
496 3251 604 3327 carpsit
617 3252 653 3310 ab
666 3250 767 3309 arbore
780 3249 893 3308 vallum

178 3349 218 3407 Et
231 3349 340 3408 struxit
353 3350 490 3425 querulas
502 3370 589 3408 rauca
602 3369 654 3426 per
666 3368 729 3407 ossa
742 3349 836 3421 tubas,
949 3354 984 3406 20
