2122 3728
96 916 99 923 ’
203 975 292 1054 sm.
321 974 551 1055 mmmm
579 973 835 1052 sueonum
939 1049 942 1053 ,

365 1237 488 1298 LIBER
507 1238 672 1299 PRIMUS.

420 1461 618 1468 Μ*-

513 1635 535 1675 Ι.

96 1763 233 1823 Onnum
245 1761 338 1840 prima
350 1761 411 1822 suis
423 1761 562 1822 miserum
574 1779 622 1820 me
636 1759 714 1837 oepit
727 1760 834 1831 ocellis,

136 1861 308 1921 Contactum
320 1859 412 1920 nullis
424 1863 492 1920 aute
506 1859 700 1937 cupidinibus.

96 1960 172 2019 Tum
184 1959 258 2018 mihi
271 1958 430 2019 constantis
443 1957 549 2018 deiecit
561 1957 674 2018 lumine
686 1959 781 2017 fastus

134 2060 175 2119 Et
188 2061 276 2136 eaput
287 2057 432 2135 impositis
444 2058 550 2135 pressit
562 2058 654 2117 Amor
666 2059 797 2136 pedibus,

95 2158 195 2218 Donet
208 2177 254 2217 me
267 2156 368 2217 docuit
380 2160 473 2217 eustos
487 2157 579 2217 odisse
591 2159 706 2235 puellos
930 2161 946 2213 5

134 2258 298 2334 Improbus,
314 2259 345 2317 et
357 2256 440 2316 nullo
453 2256 552 2317 vivere
566 2256 694 2316 oonsilio.

95 2355 136 2414 Et
147 2355 222 2414 mihi
233 2354 293 2413 iam
305 2357 368 2415 toto
380 2354 462 2414 imos
473 2354 523 2413 hie
534 2374 595 2414 non
607 2354 706 2415 defioit
720 2374 811 2429 anno,

135 2453 210 2514 Cum
221 2456 321 2514 temen
334 2453 467 2512 adversos
481 2472 566 2527 cogor
578 2453 686 2514 habere
699 2455 775 2513 deos.

95 2553 239 2612 Milanion
251 2552 349 2611 nullos
361 2550 509 2626 fugiendo,
525 2551 621 2624 Tulle,
636 2552 749 2612 labores

136 2650 295 2712 Saevitiam
308 2650 398 2709 durae
411 2649 545 2709 contudit
557 2649 678 2709 Iasidos.
911 2642 947 2707 10

96 2750 126 2809 N
126 2770 173 2809 am
185 2751 270 2810 modo
283 2748 449 2809 Ps1theniis
463 2768 561 2808 emens
575 2751 690 2809 errabat
702 2749 734 2806 in
747 2749 848 2820 antiis,

137 2849 207 2909 Ibat
219 2852 250 2909 et
262 2847 392 2907 hirsutas
405 2847 524 2906 eominus
537 2847 589 2906 ille
602 2846 697 2908 ieras:

97 2947 155 3009 1110
169 2948 258 3009 etiam
270 2948 377 3026 Hylaei
389 2967 543 3025 percussus
555 2947 677 3007 vulnere
689 2946 763 3006 remi

137 3047 258 3107 Saucius
270 3046 404 3107 Arcadiis
415 3046 538 3124 rupibus
550 3045 705 3120 ingemuit.

96 3146 174 3221 Ergo
188 3146 316 3206 velocem
328 3145 427 3223 potuit
440 3144 583 3204 domuisse
597 3145 743 3221 puellam:
785 3179 789 3185 ι
860 3181 864 3184 -
912 3147 946 3200 15

137 3244 265 3305 Tantum
276 3243 310 3304 in
322 3263 418 3304 amore
431 3263 531 3321 preces
544 3247 575 3302 et
586 3241 868 3304 benefaete'vslent!
908 3279 910 3284 «
944 3280 946 3283 -

98 3341 138 3400 In
149 3361 196 3402 me
208 3343 309 3405 tardus
322 3342 413 3404 Amor
425 3363 485 3403 non
497 3343 575 3404 ullas
589 3340 701 3427 cogitet
712 3344 815 3415 entes·
860 3348 861 3352 ’
889 3373 890 3376 ¹

517 3465 537 3504 B
