2122 3728
132 263 169 314 22
321 253 538 315 PROPERTII
559 253 619 311 EL.
635 253 660 327 I,
680 257 724 310 18.
744 255 788 308 19.

170 416 209 472 ut
222 415 309 473 datur
321 414 433 490 inculto
446 410 563 470 tramite
576 410 650 468 dura
663 409 762 486 quies:
856 434 858 439 ¹

130 515 170 571 Et
183 514 385 589 quodcumque
397 531 478 570 meae
491 513 614 587 possunt
626 528 743 568 narrare
756 509 915 585 querellae,

170 613 262 685 Cogor
275 613 311 670 ad
324 615 442 685 argutas
455 609 549 667 dicere
563 608 641 666 solus
654 628 730 667 aves.
945 613 981 664 30

130 710 187 767 Sed
195 711 415 787 qualiscumque
426 729 464 781 es,
477 711 614 767 resonent
623 708 696 766 mihi
709 706 867 784 ‘cynthia’
881 707 979 779 silvae,

168 809 197 865 N
198 828 229 866 ec
243 809 356 867 deserta
369 811 421 866 tuo
435 808 550 866 nomine
564 827 635 866 saxa
647 810 761 867 vacent.

523 1003 586 1042 XIX.

128 1103 158 1160 N
159 1122 195 1159 on
210 1122 261 1176 ego
275 1122 354 1161 nunc
368 1102 468 1161 tristes
481 1122 590 1174 vereor,
606 1123 671 1161 mea
684 1103 820 1190 Cynthia,
839 1104 951 1174 Manes,

168 1201 229 1258 Neo
241 1220 336 1258 moror
350 1204 481 1267 extremo
495 1202 593 1260 debita
605 1202 669 1260 fata
681 1221 768 1275 rogo:

129 1301 185 1357 Sed
198 1319 235 1358 ne
248 1300 324 1358 forte
337 1304 389 1359 tuo
403 1305 500 1359 careat
513 1300 587 1359 mihi
599 1301 690 1359 funus
704 1321 809 1374 amore,
864 1377 871 1391 ι

165 1398 226 1483 ΙΗίο
238 1398 326 1456 timor
339 1402 383 1457 est
396 1398 467 1475 ipsis
480 1399 580 1457 durior
592 1399 735 1476 exequiis.

128 1497 195 1553 Non
209 1497 279 1554 adeo
292 1496 398 1555 leviter
409 1498 519 1555 nostrie
531 1516 605 1572 puer
618 1497 714 1556 haesit
727 1497 837 1568 ocellis,
962 1504 979 1554 5

167 1596 210 1655 Ut
222 1615 304 1654 meus
319 1595 408 1654 oblito
421 1595 519 1670 pulvis
534 1614 629 1655 amore
643 1599 736 1656 vacet.

128 1693 196 1752 Illic
209 1693 382 1770 Phylacides
395 1693 538 1752 iucundae
552 1694 683 1770 coniugis
695 1696 781 1754 heros

167 1793 233 1849 Non
247 1791 345 1866 potuit
358 1791 449 1850 caecis
461 1790 603 1850 inmemor
616 1811 678 1851 esse
691 1792 771 1864 locis,

129 1893 185 1950 Sed
199 1891 321 1967 cupidus
333 1891 415 1949 falsis
430 1891 575 1966 attingere
590 1892 696 1965 gaudia
709 1891 814 1967 palmis

167 1990 313 2064 Thessalis
327 1989 478 2065 antiquam
491 1992 611 2064 venerat
624 1992 728 2049 umbra
741 1991 868 2049 domum.
943 1994 978 2046 10

128 2089 196 2146 Illic
210 2088 353 2164 quidquid
367 2107 424 2158 ero,
441 2107 553 2164 semper
565 2091 618 2146 tua
631 2089 712 2157 dicar
724 2089 839 2164 imago:

167 2187 277 2245 Traieit
290 2193 321 2245 et
332 2186 389 2245 fati
400 2186 489 2246 litora
502 2206 626 2261 magnus
639 2206 729 2247 emor.

128 2287 196 2343 Illic
209 2287 350 2344 formosae
363 2286 484 2344 veniant
497 2286 601 2344 chorus
614 2286 761 2358 heminae,

168 2384 246 2448 Quas
259 2384 340 2443 dedit
352 2384 471 2459 Argivis
483 2384 620 2442 Dardana
632 2386 740 2460 praeda
752 2384 824 2444 viris
834 2406 841 2457 ;

127 2481 244 2540 Harum
256 2483 340 2541 nulla
353 2487 406 2541 tua
417 2482 510 2541 fuerit
522 2483 604 2555 mihi,
621 2482 757 2559 Cynthia,
772 2483 866 2542 forma
943 2488 976 2540 15

168 2580 292 2653 (iratior,
308 2585 339 2640 et
352 2582 452 2641 Tellus
466 2584 521 2642 hoo
534 2582 577 2641 ita
589 2582 668 2641 iusta
681 2581 767 2641 sinat.

129 2679 267 2743 Quamvis
280 2683 310 2739 te
323 2681 426 2754 longae
440 2684 621 2740 remorentur
632 2680 695 2740 iate
708 2685 849 2752 senectae,

168 2778 240 2835 Gara
252 2781 351 2837 tamen
364 2779 491 2838 lacrimis
504 2799 567 2839 ossa
580 2780 682 2838 lutura
694 2779 776 2838 meis.

129 2875 209 2939 Quae
222 2876 339 2935 turiva
350 2896 415 2943 mea
427 2878 519 2953 possis
533 2878 640 2937 sentire
652 2877 772 2946 favilla!

167 2973 242 3031 Turn
255 2974 327 3032 milri
339 2994 399 3033 non
411 2976 473 3034 ullo
485 2995 562 3034 mors
575 2976 614 3035 sit
628 2996 724 3035 amera
736 2975 808 3034 loco.
939 2980 976 3032 20

128 3070 222 3134 Quam
234 3092 336 3131 vereor
348 3092 385 3131 ne
398 3076 429 3133 te
442 3076 616 3150 contempto,
633 3073 768 3151 Cynthia,
784 3075 879 3145 busto,

165 3170 326 3230 Abstrahat
338 3172 392 3230 teu
405 3175 503 3230 nostro
515 3172 637 3249 pulvere
649 3173 769 3249 iniquus
782 3174 882 3244 Amor,

128 3267 218 3341 Coget
231 3273 262 3328 et
273 3269 396 3329 invitem
409 3271 542 3329 lacrimas
555 3272 661 3330 siccare
674 3272 827 3332 cadentes!

166 3368 310 3428 Flectitur
323 3369 447 3431 assiduis
460 3375 538 3430 certa
550 3371 650 3448 puella
662 3372 758 3432 minis.
