2122 3728
268 211 486 271 PROPERTII
507 211 567 269 EL.
590 212 635 283 ΙΙ,
659 211 685 270 7.
703 217 731 270 8.
892 217 928 270 35

75 371 155 428 Hinc
169 369 277 429 etenim
289 373 407 429 tantum
419 369 528 428 menrit
540 389 605 428 mea
618 369 710 444 gloria
722 389 836 444 nomen,

116 468 216 527 Gloria
229 470 266 527 ad
277 468 414 528 hibernos
427 470 489 529 lata
502 469 739 548 Borysthenidas.

76 568 122 627 Tu
134 568 208 626 mihi
222 568 283 626 sola
296 568 412 643 places:
435 569 565 644 placeam
578 568 642 641 tibi,
660 567 797 646 Cynthia,
814 568 857 626 sol
895 615 901 628 .

114 667 174 726 Hic
188 667 246 726 erit
259 670 289 726 et
301 666 396 743 patrio
410 665 551 742 sanguine
564 666 658 742 pluris
671 685 759 726 amor.
893 671 930 723 20

469 862 536 902 vm.

77 962 211 1038 Eripitur
223 962 307 1022 nobis
320 962 379 1022 iam
392 963 506 1040 pridem
520 982 586 1021 cara
598 962 706 1038 puella,

118 1061 158 1119 Et
171 1066 206 1119 tu
219 1081 266 1120 me
279 1061 413 1120 lacrimas
425 1061 559 1134 fundere,
576 1061 675 1134 amice,
691 1061 792 1120 vetas!

77 1161 186 1219 Nullae
200 1165 270 1220 sunt
282 1161 454 1220 inimicitiae
467 1161 525 1219 nisi
539 1161 644 1220 amoris
657 1163 774 1220 acerbae
787 1183 794 1218 :

117 1260 221 1335 Ipsum
234 1279 281 1318 me
294 1260 406 1335 iugula,
422 1259 516 1318 lenior
526 1258 619 1318 hostis
633 1279 691 1319 ero.

77 1357 200 1415 Possum
214 1377 267 1433 ego
281 1358 312 1416 in
327 1358 448 1418 alterius
460 1358 586 1435 positam
599 1362 728 1434 spectare
741 1358 874 1416 lacerto?
915 1363 932 1414 5

116 1456 146 1515 N
147 1476 179 1515 ec
191 1476 257 1515 mea
270 1457 393 1531 dicetur,
410 1478 485 1535 quae
501 1458 586 1517 modo
600 1459 677 1517 dicta
690 1478 755 1516 mea
768 1457 835 1517 est?

77 1553 369 1615 Omniavertuntur:
392 1559 469 1616 certe
483 1559 643 1616 vertuntur
656 1575 783 1615 amores:

116 1654 259 1729 Vinceris,
275 1659 307 1715 at
319 1657 434 1716 vinces:
457 1658 529 1716 haec
543 1657 575 1715 in
589 1676 684 1714 amore
698 1661 762 1714 rota
776 1659 829 1714 est.

77 1754 180 1829 Magni
194 1775 279 1832 saepe
292 1755 389 1828 duces,
402 1756 501 1830 magni
515 1755 643 1815 cecidere
657 1754 786 1832 tyranni,

118 1856 158 1915 Et
171 1856 288 1916 Thebae
303 1836 456 1928 steterant,
473 1856 593 1932 altaque
607 1855 693 1913 Troia
705 1854 774 1913 fuit.
897 1861 932 1914 10

78 1954 203 2013 Munera
217 1960 327 2031 quanta
340 1956 416 2027 dedi,
432 1956 480 2014 vel
494 1954 594 2032 qualia
608 1954 735 2013 carmina
747 1953 823 2012 feci!
898 2008 902 2016 .

118 2053 177 2111 Illa
190 2056 289 2112 tamen
301 2073 463 2130 numquam
479 2054 575 2113 ferrea
588 2053 683 2111 dixit:
706 2053 790 2111 Amo.

41 2196 43 2200 .
79 2151 157 2226 Ergo
170 2151 228 2210 iam
241 2152 350 2211 multos
361 2152 485 2211 nimium
498 2151 671 2212 temerarius
685 2171 783 2223 annos,

118 2250 265 2326 Improba,
281 2251 334 2328 qui
346 2251 465 2312 tulerim
478 2256 568 2329 teque
582 2254 721 2328 tuamque
735 2253 861 2323 domum,

79 2349 276 2426 Ecquandone
289 2349 346 2411 tibi
358 2351 433 2410 liber
447 2371 512 2410 sum
524 2349 628 2411 1101101
647 2369 685 2409 an
698 2369 792 2426 usque
898 2353 931 2406 15

118 2448 157 2505 In
169 2450 303 2507 nostrum
315 2448 403 2508 iacies
415 2450 504 2508 verba
518 2449 643 2524 superba
656 2448 768 2524 caput?

80 2544 128 2603 Sic
141 2545 234 2619 igitur
248 2546 341 2623 prima
354 2546 476 2606 moriere
490 2550 594 2620 aetate,
611 2546 768 2623 Properti?

120 2644 178 2702 Sed
190 2664 309 2717 morere,
324 2644 449 2706 interitu
463 2645 590 2721 gaudeat
603 2644 656 2704 illa
669 2649 730 2717 tuo,

80 2743 221 2816 Exagitet
233 2747 347 2804 nostros
360 2764 468 2818 manes,
484 2748 613 2803 sectetur
626 2747 656 2803 et
669 2745 795 2813 umbras,

119 2841 308 2918 Insultetque
320 2843 407 2916 rogis,
424 2844 516 2901 calcet
530 2847 560 2900 et
573 2862 636 2901 ossa
649 2862 722 2901 mea.
812 2896 815 2901 ,
895 2846 932 2898 20

80 2939 181 3004 Quid?
200 2959 260 2997 non
273 2939 438 3014 Antigonae
451 2940 566 2999 tumulo
579 2940 717 2998 Boeotius
729 2939 863 2996 Haemon

120 3037 236 3096 Corruit
248 3039 311 3115 ipse
326 3058 377 3098 0110
392 3039 506 3098 saucius
519 3059 587 3098 ense
600 3039 688 3109 latus,

80 3136 120 3193 Et
134 3155 185 3194 sua
199 3157 265 3195 cum
278 3137 384 3196 misera
396 3138 567 3215 permiscuit
581 3157 644 3196 ossa
656 3137 765 3213 puelia,

121 3236 186 3300 Qua
199 3236 261 3296 sine
275 3237 442 3296 Thebanam
454 3238 551 3297 noluit
563 3238 606 3296 ire
620 3237 759 3295 domum?

80 3332 137 3392 Sed
147 3353 205 3391 non
220 3334 362 3411 effugies:
385 3357 503 3401 mecum
515 3337 655 3400 moriaris
668 3339 792 3418 oportet
798 3358 811 3394 ·.
922 3335 967 3384 ‘2¹0

492 3449 553 3506 n2
