2122 3728
257 224 475 284 PROPERTII
496 225 556 285 ΕΙ.
578 227 641 299 ΙΙΙ,
667 231 712 285 15.
873 234 909 286 95

457 476 507 516 XV.

58 594 105 653 Sic
120 615 172 670 ego
186 614 246 653 non
258 596 335 654 ullos
347 595 407 655 iam
419 596 515 655 norim
527 596 560 655 in
573 617 669 656 amore
682 599 837 671 tumultus,
859 612 862 619 '

95 693 125 752 N
126 714 157 753 eo
170 693 272 754 veniat
285 693 347 753 sine
360 698 391 754 to
404 715 465 754 nox
477 695 627 770 vigilanda
639 696 730 754 mihi:

56 792 99 851 Ut
111 791 183 850 mihi
196 791 344 868 praetexti
356 793 450 869 pudor
464 797 509 852 est
521 795 637 853 velatus
650 794 781 866 amicius,

95 891 135 949 Et
148 890 217 949 data
229 890 350 950 libertas
363 911 482 950 noscere
495 892 600 951 amoris
611 893 678 965 iter,

56 989 115 1046 Illa
127 989 215 1047 rudes
228 989 338 1048 animos
350 1009 404 1065 per
416 994 516 1050 noctes
530 991 643 1050 conscia
655 991 764 1068 primas
891 999 907 1048 5

96 1088 199 1147 Inbuit
211 1088 270 1147 heu
283 1089 375 1148 nullis
389 1092 475 1165 capta
487 1089 621 1166 Lycinna
633 1090 718 1150 datis.

56 1186 181 1260 Tertius,
197 1187 270 1246 haut
281 1187 377 1246 multo
390 1187 488 1246 minus
501 1189 555 1260 est,
572 1207 638 1247 cum
651 1187 769 1247 ducitur
782 1207 875 1246 annus

95 1284 156 1343 Vix
168 1284 288 1343 memini
300 1285 385 1344 nobis
397 1287 486 1344 verba
499 1285 589 1344 coisse
602 1286 710 1344 decem.

56 1383 170 1442 Cuncta
183 1387 253 1442 tuus
266 1383 403 1459 sepelivit
415 1403 502 1456 amor,
518 1403 572 1442 nco
585 1383 695 1442 femina
706 1387 774 1460 post
786 1387 817 1442 te

95 1482 165 1540 Ulla
177 1480 259 1540 dedit
272 1483 346 1540 collo
360 1483 458 1541 dulcia
470 1482 569 1542 vincla
581 1502 654 1541 meo.
873 1487 907 1540 10

10 1588 44 1630 1⁴³)
56 1581 97 1638 At
109 1583 145 1639 tu
157 1600 217 1638 non
229 1580 478 1657 meritamparcas
490 1600 598 1640 vexare
611 1579 773 1658 Lycinnam
785 1601 791 1639 :

10 1681 45 1723 Ἦ)
95 1680 197 1738 Nescit
209 1683 308 1738 vestra
320 1699 408 1739 ruens
420 1680 466 1738 ira
478 1679 587 1739 referre
599 1680 711 1756 pedem.

56 1778 151 1838 Testis
165 1779 221 1839 erit
234 1779 321 1839 Dirce
334 1784 396 1839 tam
408 1799 478 1839 vero
492 1779 612 1839 crimine
626 1798 720 1850 saeva,

94 1877 224 1955 Nycteos
236 1878 387 1954 Antiopen
400 1878 568 1937 accubuisse
581 1877 669 1954 Lyco.

56 1975 104 2033 Ah
118 1977 252 2052 quotiens
265 1977 402 2053 pulchros
415 1978 491 2037 ussit
503 1976 604 2051 regina
618 1975 746 2052 capillos,
872 1979 905 2032 15

94 2076 254 2153 Molliaque
267 2076 385 2135 inmites
398 2077 466 2135 fixit
478 2077 510 2135 in
524 2096 575 2134 ora
586 2095 690 2134 manus
701 2075 708 2133 l

55 2176 104 2233 Ah
117 2176 252 2253 quotiens
264 2175 404 2234 famulam
417 2176 516 2253 pensis
529 2175 661 2234 oneravit
674 2173 792 2252 iniquis,

93 2274 134 2332 Et
146 2277 235 2350 caput
247 2273 280 2332 in
293 2275 366 2332 dura
378 2293 484 2349 ponere
496 2273 584 2333 iussit
596 2273 702 2332 humo!

55 2373 147 2449 Saepe
160 2373 243 2432 illam
255 2372 414 2432 immundis
427 2392 512 2450 passa
525 2375 570 2432 est
581 2373 715 2433 habitare
727 2371 863 2444 tenebris,

93 2471 190 2530 Vilem
202 2471 318 2530 ieiunae
332 2491 416 2549 saepe
428 2470 549 2546 negavit
561 2471 686 2548 aquam!
867 2475 904 2528 20

54 2572 198 2648 Iuppiter,
214 2572 360 2648 Antiopae
372 2591 517 2649 nusquam
531 2572 675 2630 succurris
687 2571 808 2631 habenti

93 2670 149 2728 Tot
161 2669 260 2729 mala?
280 2669 439 2745 corrumpit
451 2669 525 2728 dura
538 2674 640 2728 catena
653 2689 765 2728 manus.

55 2770 86 2828 Si
99 2771 171 2830 deus
184 2790 223 2843 es,
239 2770 295 2829 tibi
307 2773 394 2846 tmpe
407 2773 490 2828 tuam
504 2770 610 2829 servire
623 2769 761 2847 puellam.

91 2869 215 2928 Invocet
227 2868 355 2945 Antiope
369 2887 456 2945 quem
468 2867 526 2926 nisi
539 2868 637 2927 vincta
649 2868 774 2926 Iovem?

54 2967 122 3025 Sola
130 2971 230 3026 tamen
240 2986 440 3043 quaecumque
451 2966 572 3025 aderant
580 2967 614 3024 in
623 2985 741 3041 corpore
750 2967 835 3037 vires,
866 2971 902 3022 25

91 3065 217 3140 Regales
229 3064 356 3123 manicas
368 3064 451 3140 rupit
462 3068 588 3143 utraque
602 3084 700 3122 manu.

53 3163 127 3221 Inde
141 3163 324 3222 Cithaeronis
336 3163 439 3222 timido
452 3164 526 3239 pede
539 3163 631 3222 currit
643 3162 676 3220 in
689 3183 777 3222 arces.

91 3260 161 3320 Nox
174 3265 247 3334 erat,
263 3264 294 3321 et
308 3281 404 3338 sparso
417 3262 503 3321 triste
517 3262 612 3321 cubile
627 3262 704 3336 gelu.

54 3360 145 3437 Saepo
158 3380 233 3436 vaga
246 3360 338 3437 Asopi
352 3361 449 3421 sonitu
462 3365 594 3439 permota
606 3361 727 3420 fluentis
