2122 3728
311 227 528 287 rnornnnn
549 227 609 287 nu.
630 227 656 301 1,
674 231 719 286 ιο.
737 232 783 286 11.
933 233 968 286 13

118 386 193 458 Neu,
210 385 235 444 si
248 385 320 462 quid
328 383 425 462 petiit,
440 383 556 460 ingrato
568 383 665 444 fronte
678 385 801 460 negaris,

156 485 224 543 Neu
236 482 292 543 tibi
304 503 357 560 pro
369 501 445 543 veno
457 484 548 543 verba
556 484 684 558 benigna
697 483 810 542 cadant.

118 582 240 642 Irritatu
252 583 344 658 venit,
359 583 476 659 quando
490 582 688 655 contemnitur
698 582 760 654 illa,

157 681 220 740 Neo
231 681 366 740 meminit
378 680 471 742 iustas
483 700 591 757 ponere
603 681 681 740 laesa
693 680 807 740 minas:

119 784 161 838 At
175 799 232 857 quo
246 780 286 838 sis
298 779 419 838 humilis
431 781 525 854 magis
539 781 569 838 et
583 778 730 838 subiectus
743 779 841 852 amori,

157 880 223 938 Hoc
235 878 329 954 magis
343 878 449 939 effecto
462 898 547 955 saepe
559 878 658 939 fruare
671 881 755 938 bono.

119 980 151 1037 Is
164 979 273 1055 poterit
284 978 360 1038 felix
372 997 432 1037 una
444 996 593 1037 remanere
605 979 714 1055 puella,

160 1077 218 1142 Qui
230 1096 391 1154 numquam
403 1095 495 1135 vacuo
507 1079 623 1153 pectore
636 1076 711 1136 liber
723 1076 788 1136 erit.

524 1273 566 1311 XI.

122 1373 237 1450 Ecquid
249 1376 281 1432 te
293 1371 397 1431 mediis
411 1374 579 1443 cessantem,
595 1371 732 1448 Cynthia,
748 1372 825 1447 Bais,

162 1473 228 1538 Qua
239 1473 317 1531 iacet
336 1471 492 1531 Herculeis
505 1471 608 1530 semita
620 1470 764 1544 litoribus,

122 1573 162 1631 Et
174 1573 258 1630 modo
271 1571 426 1647 Thesproti
438 1571 593 1629 mirantem
607 1570 723 1629 subdita
735 1590 825 1645 regno

161 1670 299 1728 Proxima
309 1669 431 1728 Misenis
444 1687 571 1745 aequora
584 1667 731 1726 nobilibus

123 1770 224 1829 Nostri
237 1789 306 1829 cura
316 1769 395 1829 subit
407 1787 547 1828 memores
561 1767 597 1826 ale
610 1767 715 1826 ducere
728 1767 852 1827 noctes?

162 1868 272 1945 Ecquis
283 1868 316 1926 in
329 1871 460 1927 extremo
472 1870 566 1926 restat
577 1885 673 1926 amore
685 1866 789 1926 locus?

124 1967 173 2025 An
185 1970 216 2026 te
228 1966 325 2026 nescio
339 1965 405 2043 quis
418 1965 563 2025 simulatis
575 1965 693 2039 ignibus
705 1964 797 2024 hostis

164 2066 292 2125 Sustulit
305 2085 321 2125 e
334 2065 450 2139 nostris,
467 2064 604 2144 Cynthia,
620 2063 820 2154 carminibus?

124 2168 224 2244 Atque
236 2165 351 2226 utinam
362 2186 446 2242 mage
458 2169 490 2227 te
502 2165 595 2225 remis
602 2166 710 2225 confisa
721 2144 844 2226 minutis

163 2247 295 2324 Parvuli
302 2265 429 2324 Lucrina
442 2246 548 2342 cymba
557 2267 687 2324 moretur
699 2284 783 2341 aqua,

125 2364 188 2422 Aut
200 2366 300 2422 teneat
313 2363 441 2422 clansam
452 2362 537 2421 tenui
550 2361 738 2422 Teuthrantis
749 2362 782 2422 in
794 2365 873 2422 unda

164 2462 305 2520 Alternae
317 2461 412 2519 facilis
426 2460 525 2520 cedere
537 2461 659 2539 lympha
670 2481 768 2533 manu,

127 2560 221 2625 Quam
233 2563 318 2619 vacet
331 2559 451 2618 alterius
463 2559 586 2619 blandos
599 2559 699 2618 audire
713 2579 844 2618 susurros
907 2543 909 2546 ‚
985 2548 995 2573 '

165 2658 297 2717 Molliter
306 2657 339 2716 in
351 2659 441 2717 tacito
454 2658 541 2718 litore
555 2658 750 2734 compositam,

126 2757 168 2815 Ut
182 2757 256 2815 solet
268 2760 364 2815 amota
375 2755 436 2815 labi
449 2757 567 2816 custode
578 2757 680 2833 puella

166 2855 288 2927 Perfida,
304 2873 468 2914 communes
481 2873 535 2914 nec
548 2854 711 2914 meminisse
724 2853 809 2927 deos;

128 2953 157 3010 N
158 2972 195 3010 on
208 2951 278 3028 quia
289 2956 440 3029 perspecta
452 2972 512 3012 non
525 2973 556 3013 es
568 2953 642 3012 mihi
656 2951 772 3027 cognita
784 2951 870 3024 tama,

169 3051 225 3109 Sed
238 3050 316 3127 quod
329 3050 362 3109 in
374 3052 429 3110 hac
443 3052 535 3111 omnis
548 3056 632 3129 parte
645 3051 767 3111 timetur
779 3069 867 3109 amor.

130 3149 264 3222 Ignosces
277 3148 378 3224 igitur,
394 3149 419 3208 si
433 3151 505 3227 quid
517 3151 574 3210 tibi
586 3149 672 3209 triste
684 3149 779 3208 libelli

168 3242 333 3308 Attulerint
346 3249 456 3309 nostri:
479 3250 566 3326 culpa
577 3248 691 3311 timoris
704 3248 770 3307 erit.
937 3253 975 3307 20

132 3344 180 3403 An
191 3347 264 3408 mihi
276 3367 352 3408 nono
365 3349 456 3410 maior
468 3369 549 3410 carae
563 3345 695 3410 custodia
706 3346 817 3426 mqtris,
