2122 3728
279 233 496 295 PROPERTII
515 233 575 292 ΕΒ.
597 232 651 306 IV,
674 237 702 291 2.
877 237 932 291 113

85 394 130 454 Da
138 393 242 453 falcem
255 396 285 453 et
294 395 372 453 torto
381 390 756 467 frontemmihicomprims
765 388 867 450 faeno:
895 395 931 448 25

124 492 240 552 Iurabis
252 495 352 551 nostra
365 491 496 567 gramina
509 494 588 550 secta
600 509 699 550 manu.

86 593 176 650 Arma
188 591 247 650 tuli
260 590 406 669 quondam
419 593 458 663 et,
473 588 601 662 memini,
616 588 757 648 laudabar
768 587 801 646 in
812 586 892 646 illis:

125 689 224 748 Corbis
237 689 269 747 iu
282 688 417 766 imposito
429 688 556 765 pondere
568 707 677 747 messor
689 706 776 746 eram.

87 787 206 847 Sobrius
218 788 256 846 cd
267 786 353 846 lites:
376 790 407 846 at
420 807 487 846 cum
500 790 545 846 est
557 786 673 863 inposta
686 804 798 858 corona,

126 887 269 946 Clamabis
282 885 372 962 capiti
384 885 453 945 vina
467 887 579 946 subisse
591 905 664 944 meo.
897 889 934 942 30

87 984 177 1058 (tinge
191 988 280 1062 eaput
292 986 389 1058 mitra,
405 984 530 1062 speciem
542 985 662 1043 furabor
674 983 774 1043 Iacchi
785 1005 793 1042 ε

125 1084 256 1142 Furabor
268 1084 389 1157 Phoebi,
405 1083 526 1142 simodo
539 1084 651 1160 plectra
664 1082 755 1163 dabis.

88 1183 222 1241 cassibus
234 1181 379 1259 impositis
391 1201 500 1243 venor:
523 1182 574 1241 sed
586 1182 727 1241 arundine
740 1183 856 1258 sumpta

126 1282 247 1339 Faunus
259 1281 393 1357 plumoso
407 1300 471 1339 sum
483 1280 556 1338 deus
569 1279 701 1356 aucupio.

86 1381 141 1440 Est
154 1380 242 1440 etiarn
255 1379 496 1456 aurigae-species
509 1379 699 1451 Vertumnus,
715 1382 746 1438 et
759 1378 832 1450 eius,
898 1383 934 1436 35

127 1478 238 1537 Traieit
251 1478 362 1537 alterno
377 1477 430 1555 qui
442 1479 508 1537 leve
520 1479 634 1554 pondus
647 1496 731 1553 equo.
849 1523 851 1528 ¹

89 1577 234 1653 Suppetat
246 1577 309 1649 hoo,
325 1577 419 1652 pisces
433 1577 542 1635 calamo
555 1576 722 1653 praedabor,
739 1578 769 1634 et
781 1574 829 1634 ibo

127 1675 257 1734 Mundus
270 1674 401 1734 demissis
413 1674 532 1733 institor
544 1674 577 1732 in
589 1673 706 1732 tunicis.

88 1773 237 1832 Pastorem
250 1774 287 1832 ad
299 1774 437 1832 baculum
449 1793 567 1850 possum
580 1793 705 1846 cursare,
720 1772 769 1831 vel
781 1771 858 1831 idem

129 1872 281 1948 Sirpiculis
293 1873 388 1931 medio
402 1873 523 1950 pulvere
536 1873 613 1932 ferre
625 1891 728 1931 rosam.
899 1875 936 1928 40

89 1969 165 2029 Nam
176 1969 248 2047 quid
258 1990 310 2046 ego
319 1971 449 2044 adiciam,
462 1973 498 2031 de
508 1991 566 2048 quo
576 1970 649 2029 mihi
658 1969 785 2028 maxima
793 1967 872 2027 tama
882 1972 935 2041 est,

128 2068 289 2127 Hortorum
301 2068 334 2127 in
346 2069 480 2130 manibus
493 2071 568 2128 dona
579 2071 701 2146 probata
713 2067 808 2127 meis?
857 2099 861 2108 ·

90 2167 247 2227 anmleus
260 2168 389 2228 cucumis
402 2170 573 2247 tumidoque
586 2167 738 2228 cucurbita
750 2170 851 2225 ventre

128 2265 179 2324 Me
191 2268 275 2325 notat
288 2270 319 2326 et
331 2267 418 2326 iunco
430 2268 557 2328 brassica
569 2267 669 2326 vineta
681 2266 757 2326 leri:

91 2364 153 2423 Noc
165 2365 218 2424 flos
231 2365 312 2425 ullus
324 2365 388 2425 hiat
400 2367 502 2443 pratis,
518 2365 591 2444 quin
603 2366 656 2425 ille
669 2366 806 2424 decenter
900 2369 937 2421 45

130 2463 280 2538 Inpositus
292 2464 385 2523 fronti
398 2465 537 2540 langueat
549 2469 618 2525 ante
630 2484 720 2523 meae.

90 2561 134 2620 At
146 2561 227 2633 mihi,
243 2563 322 2638 quod
333 2562 441 2623 formas
453 2584 531 2623 unus
543 2565 677 2623 vertebar
688 2563 722 2622 in
734 2583 841 2636 omnes,

131 2659 244 2719 Nomen
258 2661 294 2719 ab
308 2665 416 2721 eventu
429 2663 525 2738 patria
536 2661 639 2737 lingua
651 2662 741 2720 dedit.

92 2758 132 2816 Et
143 2761 188 2830 tu,
204 2759 305 2830 Roma,
320 2759 393 2818 meis
405 2759 537 2819 tribuisti
548 2760 676 2836 praemia
689 2760 799 2831 Tuscis,

131 2857 216 2916 Unde
228 2857 315 2916 hodie
328 2858 410 2918 vicus
423 2859 541 2918 uomina
554 2860 665 2918 Tuscus
677 2860 774 2929 habet,
903 2862 940 2914 50

92 2955 232 3032 Tempore
247 2976 304 3033 quo
319 2957 402 3016 sociis
415 2958 498 3017 venit
510 2957 702 3035 Lycomedius
715 2955 801 3014 annis

131 3054 231 3130 Atque
246 3054 354 3114 Sabina
365 3055 423 3114 ieri
436 3057 569 3116 contudit
582 3076 662 3115 arma
674 3054 751 3114 Tati.

52 3198 55 3202 ,
93 3151 162 3209 Vidi
175 3171 228 3226 ego
241 3153 372 3211 labentes
386 3154 461 3213 acies
479 3159 508 3213 et
520 3154 582 3214 tela
595 3154 710 3224 caduca,

132 3250 232 3326 Atque
246 3251 344 3310 hostes
357 3253 439 3329 turpi
451 3256 535 3326 terga
547 3252 659 3311 dedisse
671 3249 767 3326 fugae.

95 3348 152 3406 Sed
165 3347 263 3421 iacias,
280 3349 380 3409 divum
395 3353 479 3421 sator,
496 3353 531 3407 ut
545 3350 675 3408 Romana
687 3368 739 3424 per
753 3367 856 3407 aevum
905 3353 941 3406 55

515 3466 526 3503 1
