2122 3728
159 223 197 274 98
356 213 577 273 PROPERTII
597 213 659 271 EL.
681 214 747 285 III,
776 216 823 272 17.

200 376 331 450 Spesque
344 371 490 448 timorque
503 370 628 428 ammam
641 375 741 430 versat
754 375 887 450 utroque
900 379 963 432 toro.

160 473 244 539 Quod
257 473 291 544 si,
307 471 429 543 Bacche,
445 470 506 529 tuis
519 490 572 546 per
584 469 699 529 fervida
711 474 847 548 tempora
860 472 942 531 donis

198 573 365 631 Accersitus
378 570 434 629 erit
447 590 566 628 somnus
581 570 613 628 in
627 589 692 628 ossa
704 591 781 643 mea,

160 678 228 752 Ipse
242 695 336 734 seram
347 674 424 734 vites
436 693 621 750 pangamque
634 693 673 731 ex
687 675 791 734 ordine
804 677 905 747 eolles,
974 680 1002 733 15

199 775 278 838 Quos
291 777 413 850 carpant
426 773 526 831 nullae
539 792 586 830 me
598 770 743 846 vigilante
754 773 848 833 ieme.

159 875 239 932 Dum
250 873 334 931 modo
348 891 494 949 pmpureo
507 876 645 946 spument
656 871 731 930 mihi
743 873 825 932 dolia
838 877 944 945 musto,

198 973 238 1030 Et
250 991 328 1030 nova
339 970 501 1046 pressantis
514 970 651 1046 inquinet
664 990 724 1029 uva
736 973 836 1047 pedes,

161 1073 245 1136 Quod
259 1073 390 1147 superest
402 1070 482 1130 vitae
495 1090 548 1146 per
560 1073 591 1128 te
605 1073 636 1128 et
648 1073 703 1128 tua
716 1090 827 1129 cornua
840 1072 948 1142 vivam,

198 1169 385 1245 virtutisque
398 1171 477 1239 tuae,
493 1168 617 1239 Bacche,
633 1172 721 1244 poeta
734 1168 824 1227 ferar.
972 1174 1003 1226 20

160 1271 262 1327 Dicam
275 1287 329 1343 ego
342 1271 489 1327 maternos
502 1267 634 1325 Aetnaeo
646 1266 772 1326 fulmine
784 1272 900 1343 partus,

199 1367 302 1425 Indica
315 1365 440 1444 Nysaeis
453 1384 533 1423 arma
545 1364 650 1440 iugata
663 1366 769 1437 choris,

159 1467 366 1541 Vesanumque
379 1483 456 1522 nova
468 1463 648 1540 nequiquam
660 1463 694 1521 in
707 1463 769 1522 vite
782 1463 961 1542 Lycurgum,

200 1565 345 1623 Pentheos
357 1563 390 1621 in
402 1562 534 1638 triplices
547 1562 652 1620 lunera
666 1565 750 1636 grata
764 1582 877 1639 greges,

161 1664 315 1741 (larvaque
329 1663 495 1740 Tyrrhenos
508 1662 681 1738 delphinum
695 1681 816 1738 corpora
828 1667 935 1722 nautas
972 1667 1003 1719 25

200 1763 238 1821 In
251 1763 325 1821 vada
337 1762 491 1838 pampinea
504 1760 657 1820 desiluisse
671 1763 744 1831 rate,

161 1864 201 1920 Et
214 1862 269 1921 tibi
282 1882 334 1938 per
347 1862 471 1922 mediam
484 1863 558 1920 hene
571 1861 681 1919 olentia
693 1860 817 1919 flumina
830 1863 929 1933 Mam,

200 1961 284 2020 Unde
298 1965 384 2020 tuum
396 1965 501 2039 potant
514 1959 612 2018 Naxia
624 1960 713 2018 turba
725 1979 850 2018 merum.

162 2060 289 2118 Candida
301 2061 411 2120 laxatis
424 2062 541 2118 onerato
557 2058 632 2115 colla
645 2058 790 2134 corymbis

200 2158 303 2232 Cinget
315 2158 478 2217 Bassaricas
491 2155 586 2233 Lydia
599 2155 687 2213 mitra
700 2174 807 2228 comas,
973 2160 1005 2212 30

162 2257 248 2315 Levis
262 2256 379 2315 odorato
395 2256 495 2315 cervix
508 2254 638 2312 manabit
652 2252 737 2324 olivo,

201 2355 241 2412 Et
253 2355 342 2412 feries
355 2356 448 2414 nudos
462 2357 544 2413 veste
556 2353 667 2410 fluente
680 2353 777 2427 pedes.

162 2453 265 2511 Mollia
278 2453 417 2512 Dircaeae
430 2453 592 2528 pulsabunt
604 2455 744 2528 tympana
758 2451 887 2525 Thebae,

202 2552 377 2626 Capripedes
391 2552 501 2611 calamo
515 2552 609 2609 Panes
622 2550 723 2609 hiante
737 2555 854 2622 canent,

163 2651 278 2707 Vertice
292 2649 438 2723 turrigero
452 2650 539 2708 iuxta
552 2650 606 2708 dea
619 2669 724 2724 magna
737 2651 857 2725 Cybebe
976 2656 1007 2708 35

202 2748 319 2806 Tundet
333 2747 369 2805 ad
383 2749 486 2806 Idaeos
501 2748 633 2824 cymbala
646 2768 734 2807 rauca
747 2749 859 2809 choros.

161 2849 240 2904 Ante
253 2845 329 2904 fores
342 2847 445 2921 templi
459 2851 553 2905 crater
566 2846 708 2905 antistitis
721 2866 791 2904 auro

187 2986 190 2994 .
201 2945 339 3002 Libatum
352 2944 477 3002 fundens
490 2945 523 3002 in
535 2949 589 3002 tua
603 2964 683 3003 saera
695 2965 818 3002 merum.

161 3043 244 3100 Haec
258 3061 310 3116 ego
323 3061 383 3099 non
396 3041 502 3100 humili
515 3041 639 3100 referam
652 3044 837 3101 memoranda
850 3046 1001 3112 cothurno,

202 3141 303 3205 Qualis
317 3141 471 3200 Pindarico
485 3142 606 3218 spiritus
619 3163 667 3201 ore
681 3146 773 3201 tonat.
975 3149 1010 3201 40

162 3239 207 3295 Tu
220 3239 304 3296 modo
319 3239 437 3298 servitio
451 3259 576 3298 vacuum
589 3260 636 3298 me
650 3240 721 3299 siste
735 3243 868 3317 superbo,

201 3341 301 3414 Atque
315 3339 369 3397 hoc
384 3338 542 3397 sollicitum
557 3337 640 3398 vince
655 3359 755 3416 sopore
769 3347 868 3416 caput.
