2122 3728
262 303 264 307 ,
301 257 527 329 rncrnsrn,
550 263 609 320 nn.
628 264 654 334 1,
679 264 706 320 7.
729 266 755 316 s.
936 265 952 317 s

105 417 155 475 Me
167 418 248 492 legat
261 417 374 476 assidue
387 422 453 494 post
465 420 537 480 haec
549 421 702 496 neglectus
715 422 833 490 amator,

145 516 185 574 Et
196 515 310 593 prosint
321 516 367 575 illi
380 517 497 593 cognita
508 524 608 579 nostra
620 519 705 578 mala.

105 615 147 673 'I'e
161 634 277 692 quoque
291 614 316 673 si
329 619 409 675 certo
422 637 496 694 puer
507 619 556 678 hic
570 617 747 678 concusserit
760 637 837 688 arcu,
918 622 953 674 15

146 711 237 776 Quam
249 713 339 771 nolles
350 717 464 774 nostros
477 716 532 775 bea
544 716 666 776 violasse
679 716 747 775 deos
760 717 766 775 !

105 809 205 884 Longe
218 814 313 871 castra
324 811 389 883 tibi,
404 814 491 889 longe
504 815 591 874 miser
604 814 720 890 agmina
733 816 844 891 septem

144 909 244 969 Flebis
256 911 289 969 in
302 914 419 971 aeterno
433 913 521 972 surda
533 914 626 973 iacere
640 913 708 986 situ,

106 1008 145 1067 nt
157 1007 269 1068 frustra
282 1010 381 1086 cupies
393 1012 511 1071 mollem
524 1032 692 1089 componere
705 1031 830 1083 versum,

145 1106 207 1165 Nee
219 1107 277 1166 tibi
290 1094 413 1168 subiciet
422 1111 553 1169 earmina
566 1131 647 1170 serus
660 1111 758 1170 Amor.
918 1115 954 1167 20

106 1205 182 1264 Tum
194 1226 241 1266 me
253 1227 314 1266 non
326 1209 468 1268 humilem
480 1208 621 1269 mirabere
635 1229 719 1286 saepe
732 1213 864 1287 poetam:

145 1305 228 1365 Tune
241 1325 295 1381 ego
308 1306 447 1366 Romanis
458 1308 605 1385 praeferar
616 1309 750 1384 ingeniis,

107 1403 167 1463 Nee
180 1408 321 1481 poterunt
332 1405 454 1465 iuvenes
466 1410 565 1467 nostro
577 1407 699 1466 reticere
713 1408 844 1484 sepulcro

148 1509 168 1536 “
176 1505 297 1563 Arrioris
310 1505 403 1564 nostri
415 1524 520 1580 magne
532 1508 619 1582 poeta
632 1506 739 1565 iaces.’'

108 1602 152 1660 Tu
165 1622 235 1662 cave
247 1606 347 1663 nostra
359 1606 411 1662 tuo
426 1611 593 1662 contemnas
606 1602 734 1662 carmina
745 1603 842 1663 fastu:
919 1608 955 1660 25

147 1701 239 1778 Saepe
251 1702 334 1760 venit
346 1721 451 1776 magno
463 1701 564 1761 fenore
577 1703 678 1761 tersius
691 1703 790 1760 Amor.

497 1899 564 1937 VIII.

38 1989 41 1993 ’
110 2005 129 2031 “
141 2000 223 2058 Tune
235 1999 329 2079 igitur
340 2001 467 2072 demens,
482 2020 536 2059 nec
549 2003 580 2060 te
593 2019 658 2058 mea
670 2019 740 2058 cura
752 1999 904 2059 moratur?

146 2101 195 2157 An
207 2099 264 2158 tibi
277 2119 342 2158 sum
359 2100 454 2175 gelida
467 2099 555 2159 vilior
567 2099 682 2176 Illyria,

108 2199 148 2258 Et
159 2197 216 2258 tibi
228 2198 288 2258 iam
300 2200 386 2272 tanti,
403 2201 580 2278 quicumque
593 2202 647 2270 est,
661 2198 717 2257 iste
731 2197 856 2269 videtur,

147 2298 189 2357 Ut
202 2298 265 2357 sine
277 2318 324 2358 me
337 2302 426 2358 vento
440 2298 572 2377 quolibet
584 2299 628 2357 ire
640 2298 738 2357 velis?

109 2396 133 2454 Τ
204 2397 304 2457 audire
317 2401 401 2474 potes
413 2397 514 2487 vesani
526 2417 677 2456 murmura
688 2397 796 2474 ponti?
940 2403 956 2454 5

133 2416 245 2556 uScitis
258 2500 289 2557 et
301 2497 334 2556 in
346 2498 420 2556 dura
431 2518 506 2557 nave
519 2498 612 2558 iacere
624 2498 730 2575 potes?

109 2593 154 2653 Tu
166 2596 412 2671 pedibusteneris
424 2597 534 2674 positas
547 2598 658 2657 sulcare
666 2599 799 2672 pruinas,

148 2693 194 2752 Tu
206 2697 289 2770 potes
301 2693 444 2774 insolitas,
460 2696 597 2772 Cynthia,
616 2697 692 2755 ferre
706 2697 812 2761 nives?

110 2792 134 2850 0
148 2794 262 2852 utinam
273 2793 412 2854 hibernae
425 2795 613 2872 duplicentur
625 2800 757 2873 tempora
769 2799 897 2870 brumae,

148 2891 189 2950 Et
202 2891 240 2951 sit
252 2892 331 2951 iners
344 2893 436 2952 tardis
448 2894 550 2954 navita
562 2894 710 2970 Vergiliis,
924 2901 959 2954 10

110 2989 139 3049 N
140 3010 172 3049 ec
184 2990 240 3050 tibi
254 2991 406 3068 Tyrrhena
420 2994 552 3053 solvatur
563 2993 644 3053 funis
656 2995 765 3052 harena

149 3090 232 3150 Neve
244 3089 364 3150 inimica
376 3111 454 3151 meas
468 3093 564 3153 elevet
578 3113 649 3152 aura
660 3112 768 3169 preces,

112 3189 277 3266 Atqueffiegc
289 3208 350 3247 non
362 3189 477 3249 videam
489 3191 564 3250 tales
578 3191 725 3250 subsidere
738 3195 849 3263 ventos,

150 3285 224 3344 Cum
235 3286 291 3346 tibi
301 3291 455 3364 provectas
469 3289 586 3352 auferet
598 3291 683 3351 umba
692 3294 789 3364 rates,

101 3383 141 3439 Et
153 3403 199 3442 me
212 3384 344 3446 delirum
360 3408 456 3452 vacua
471 3393 608 3472 patietur
623 3394 735 3456 incra

970 3383 1018 3435 Χῖ)
