2122 3728
117 238 172 292 132
334 233 553 292 PROPERTII
572 233 634 292 EA.
649 233 703 306 IV,
721 239 750 291 9.

114 393 248 464 Dixerat,
265 393 295 450 ct
308 390 383 450 sicco
395 393 490 450 torret
504 389 568 449 sitis
582 409 633 448 ora
645 391 754 467 palato,

154 493 301 569 Terraque
313 510 373 550 nou
385 491 462 550 ullas
474 491 537 550 ieta
548 491 697 550 ministrat
710 511 815 568 aquas.

114 592 171 650 Sed
183 591 286 669 procul
298 591 426 649 inclusas
439 590 523 648 audit
536 589 632 648 ridere
644 591 761 665 puellae

152 691 250 749 Lucus
264 689 313 748 abe·
324 690 459 748 umbroso
471 688 582 748 lecerat
597 689 665 747 orbe
677 708 794 758 nemus,

113 788 268 847 Femineae
280 788 344 846 loca
358 788 456 846 clausa
468 788 538 846 deae
550 786 708 864 fontesque
721 787 858 864 piandos,
936 794 971 847 25

151 888 269 962 Inpune
282 890 313 945 et
325 886 416 945 nullis
430 906 511 945 saera
523 890 635 945 retecta
646 886 730 946 viris.

114 986 207 1044 Devia
220 985 361 1061 puniceae
374 986 512 1044 velabant
526 984 630 1044 limina
642 986 748 1059 vittae,

152 1084 252 1157 Putris
266 1085 384 1143 odorato
397 1085 517 1142 luxerat
529 1083 598 1158 igne
613 1103 688 1155 casa,
937 1148 942 1154 ‚

113 1182 244 1258 Populus
258 1186 288 1242 et
300 1182 396 1257 longis
409 1184 531 1242 ornabat
543 1182 697 1241 frondibus
711 1183 824 1257 aedem,

151 1282 307 1358 Multaque
321 1285 472 1340 cantantes
485 1282 589 1340 umbra
601 1282 722 1357 tegebat
736 1301 816 1341 aves.
935 1288 971 1341 30

115 1381 185 1438 Huc
198 1380 259 1439 ruit
272 1380 305 1439 in
318 1379 423 1438 siccam
436 1383 574 1454 congesta
586 1381 710 1455 pulvere
723 1381 857 1453 barbam,

154 1481 194 1538 Et
207 1479 278 1538 iacit
291 1483 359 1538 ante
372 1479 450 1538 fores
462 1480 552 1539 verba
564 1480 677 1538 minora
691 1481 755 1538 deo.

115 1579 203 1637 “Vos
216 1598 326 1654 precor,
343 1598 359 1636 ο
372 1577 433 1636 luci
447 1598 526 1636 sacro
541 1597 615 1654 quae
628 1578 734 1637 luditis
748 1583 845 1653 antro,

152 1679 276 1737 Pandite
289 1677 409 1737 defessis
422 1677 539 1753 hospita
545 1677 621 1752 sana
633 1676 716 1735 viris.

114 1777 217 1836 Fontis
231 1796 319 1849 egens
333 1795 404 1848 erro,
421 1796 554 1853 omnaque
569 1777 702 1835 sonantia
714 1778 858 1854 lymphis,
934 1784 969 1836 35

153 1877 193 1934 Et
206 1895 277 1934 cava
291 1884 424 1951 suscepto
437 1875 558 1934 flumine
572 1876 670 1951 palma
683 1882 729 1935 sat
743 1881 799 1936 cst.

114 1974 284 2033 Audistisne
298 1975 435 2058 aliquem,
451 1977 534 2048 tergo
549 1975 601 2051 qui
614 1975 737 2034 sustulit
751 1976 879 2034 orbem?

151 2074 208 2131 Ille
223 2093 275 2147 ego
290 2093 373 2131 sum:
395 2073 521 2131 Alciden
534 2077 613 2132 terra
625 2077 742 2149 recepta
755 2077 853 2132 vocat.

114 2173 186 2236 Quis
199 2172 278 2231 facta
291 2172 455 2230 Herculeae
468 2192 528 2229 non
541 2171 624 2231 audit
635 2171 725 2230 fortia
738 2172 841 2231 clavae

153 2271 192 2329 Et
205 2289 367 2346 numquam
380 2270 416 2328 ad
429 2274 525 2328 vastas
538 2270 622 2329 irrita
634 2271 695 2329 tela
708 2269 797 2340 feras,
931 2275 967 2327 40

113 2370 214 2444 Atque
226 2369 280 2426 uni
295 2368 413 2445 Stygias
427 2369 539 2426 homini
552 2369 663 2427 luxisse
677 2367 839 2426 tenebras?

152 2466 300 2542 Accipite:
324 2472 354 2524 et
367 2466 442 2524 fesso
456 2485 510 2524 1111
524 2486 596 2524 urm
611 2486 702 2524 1111111
716 2485 816 2524 aaran.

114 2567 192 2630 Quid
207 2565 231 2622 si
246 2565 355 2622 Iunoni
370 2584 482 2623 sacrum
494 2565 630 2625 laceretis
644 2564 780 2624 amarae?

151 2665 180 2721 N
181 2684 218 2722 on
231 2663 382 2722 clausisset
396 2683 486 2739 aquas
498 2665 562 2740 ipsa
575 2683 698 2737 noverca
712 2682 788 2723 suas.

112 2765 164 2822 Sin
179 2763 306 2838 aliquem
319 2762 480 2838 vultusque
493 2782 575 2821 meus
589 2765 742 2839 saetaeque
755 2761 852 2820 leonis
927 2766 963 2818 45

151 2862 274 2919 Terreni
288 2864 318 2918 ct
331 2860 443 2937 Libyco
458 2861 517 2918 sole
530 2864 651 2936 perusta
664 2880 761 2919 coma:

113 2962 196 3018 ldcm
210 2979 262 3033 ego
278 2958 396 3016 Sidonia
408 2958 466 3016 feci
479 2959 597 3017 servilia
609 2959 689 3035 palla

152 3059 253 3118 Officia
266 3064 296 3117 et
309 3059 391 3136 Lydo
405 3078 495 3134 pensa
507 3059 613 3117 diurna
627 3060 697 3131 colo,

112 3158 211 3214 Mollis
225 3160 255 3215 et
267 3157 416 3215 hirsutum
430 3158 508 3233 oepit
521 3158 595 3216 mihi
607 3158 697 3217 fascia
709 3160 821 3234 pectus,

150 3256 190 3314 Et
203 3254 337 3314 manibus
350 3256 431 3316 duris
445 3260 514 3332 apta
527 3258 627 3332 puella
640 3256 717 3315 fui.”
923 3258 960 3311 50

100 3356 226 3418 Talibus
239 3356 385 3418 Alcides:
408 3360 441 3417 at
454 3356 572 3416 talibus
582 3355 664 3413 alma
674 3352 818 3415 sacerdos,
