2122 3728
118 251 134 302 8
315 245 533 305 PROPERTII
554 246 614 303 EL.
632 247 656 317 I,
682 253 708 305 6.
732 247 759 305 7.

158 404 312 464 revetere
325 403 425 463 oblitis
437 403 502 462 iura
515 404 592 463 refer
606 404 690 463 sociis
702 426 709 462 :
937 411 975 464 20

118 503 194 561 Nam
207 505 260 562 tus
272 522 332 561 non
345 506 424 562 aetas
437 522 577 579 nmquam
590 503 713 562 cessavit
726 503 825 576 amori,

158 601 278 677 Semper
291 603 322 660 at
335 603 461 659 armatae
475 619 545 659 cura
557 600 617 660 ruit
629 600 750 678 patriae,

117 702 157 759 Et
170 699 226 760 tibi
238 719 299 761 non
310 718 451 776 umquam
464 703 576 758 nostros
589 719 663 776 puer
675 700 732 760 iste
744 701 860 761 labores

157 799 281 859 Adferat
294 803 325 859 et
337 799 463 858 lacrimis
478 799 575 859 omnia
586 803 657 858 nota
670 799 751 858 meis.

117 901 166 958 Me
181 899 252 971 sine,
268 918 356 976 quem
369 918 482 974 semper
494 897 590 958 voluit
602 898 723 958 fortuna
734 899 839 972 iacere,
935 907 973 959 25

156 999 243 1056 Hanc
257 998 383 1056 animam
396 1001 544 1056 extremae
557 998 677 1057 reddere
690 997 850 1075 nequitiae.

116 1097 207 1155 Multi
219 1095 381 1173 longinquo
394 1096 505 1172 periere
517 1096 550 1153 in
563 1115 659 1158 amore
671 1096 807 1170 libenter,

155 1199 194 1256 In
207 1217 332 1274 quorum
343 1216 465 1255 numero
478 1215 525 1255 me
539 1216 655 1274 quoqne
667 1200 747 1258 terra
758 1200 850 1272 tegat.

117 1296 185 1354 Non
198 1315 251 1370 ego
264 1316 329 1355 sum
340 1295 430 1367 laudi,
446 1314 506 1353 non
518 1298 605 1354 natus
618 1295 739 1357 idoneus
753 1296 860 1355 armis:

156 1396 243 1453 Hanc
255 1414 302 1453 me
315 1393 452 1453 militiam
465 1393 528 1452 fata
541 1393 638 1452 subire
652 1394 766 1454 volunt.
935 1401 973 1454 30

117 1495 159 1553 At
171 1498 215 1566 tu,
232 1513 284 1552 seu
296 1492 393 1551 mollis
407 1512 466 1569 qua
478 1492 576 1552 tendit
588 1493 681 1568 Ionia,
697 1512 750 1555 seu
763 1511 822 1570 qna

156 1591 251 1669 Lydia
263 1590 376 1649 Pactoli
388 1590 479 1665 tingit
491 1593 574 1650 crata
586 1590 692 1668 liquor,

118 1691 177 1750 Seu
189 1689 313 1766 pedibus
325 1692 419 1748 terras
433 1708 484 1747 seu
496 1692 620 1764 pontum
633 1708 752 1766 carpere
765 1689 852 1751 remis

156 1789 229 1860 Ibis,
244 1793 275 1846 et
288 1787 400 1863 accepti
413 1806 481 1863 pars
496 1786 552 1845 eris
566 1786 692 1862 imperii,

118 1889 193 1946 Tum
205 1887 263 1946 tibi
276 1887 301 1944 si
314 1906 373 1962 qua
386 1885 443 1944 mei
456 1884 555 1943 veniet
568 1904 627 1943 non
640 1885 782 1945 inmemor
794 1887 875 1957 hora,
935 1892 971 1945 35

156 1986 263 2046 Vivere
275 2005 322 2044 me
336 1985 408 2042 duro
423 1982 515 2042 sidere
530 1987 626 2041 certus
641 1985 707 2042 eris.

517 2166 571 2204 vn.

118 2289 198 2348 Dum
211 2287 267 2347 tibi
281 2287 420 2347 Cadmeae
435 2288 582 2359 dicuntur,
597 2287 727 2359 Pontice,
744 2287 860 2346 Thebae

158 2388 304 2463 Armaque
317 2386 466 2446 fraternae
476 2386 575 2446 tristia
587 2386 719 2460 militiae,

119 2486 228 2561 Atque,
243 2485 287 2566 ita
300 2484 354 2543 sim
366 2484 448 2557 felix,
463 2484 556 2561 primo
570 2484 720 2543 contendis
732 2485 871 2557 Homero,

161 2584 228 2643 Sint
240 2583 324 2641 modo
337 2582 399 2642 fata
411 2583 472 2642 tuis
484 2582 585 2641 mollia
598 2581 783 2654 carminibus,

121 2684 190 2755 Nos,
206 2685 241 2741 ut
254 2701 434 2754 consuemus,
449 2685 563 2740 nostros
577 2680 721 2756 agitamus
734 2699 853 2753 amores,
955 2685 972 2738 5

160 2783 260 2859 Atque
274 2780 387 2857 aliquid
399 2780 502 2839 duram
515 2779 681 2857 quaerimus
694 2779 726 2837 in
739 2779 903 2838 dominam:

121 2880 184 2940 Nec
195 2882 313 2939 tantum
324 2878 451 2952 ingenio,
468 2881 611 2955 quantum
624 2877 732 2936 servire
745 2878 847 2951 dolori,

162 2980 254 3054 Cogor
267 2981 297 3037 et
311 2976 414 3038 aetatis
426 2981 557 3052 tempora
569 2976 643 3034 dura
656 2977 748 3055 queri.

122 3080 181 3137 Hic
194 3077 266 3138 mihi
280 3077 441 3137 conteritur
449 3076 528 3135 vitae
541 3076 652 3147 modus,
664 3077 736 3136 haec
748 3097 813 3138 mea
825 3078 904 3137 fama
918 3083 971 3148 est,

162 3178 242 3237 Hinc
256 3177 340 3253 cupio
352 3196 459 3236 nomen
472 3174 607 3234 carminis
620 3175 663 3234 ire
677 3176 743 3235 mei.
938 3183 973 3236 10

117 3278 170 3334 lle
180 3276 306 3334 laudent
318 3275 419 3335 doctae
433 3275 528 3335 solum
541 3274 684 3350 placuisse
697 3276 821 3352 puellae,

134 3373 273 3448 Pontice,
292 3379 326 3436 et
338 3375 468 3441 iniustas
484 3397 575 3457 saepe
589 3375 699 3437 tulisse
711 3375 809 3433 minas
818 3395 828 3432 ·.
