2122 3728
261 216 481 275 PROPERTII
502 215 562 274 ΕΙ..
578 216 641 289 111,
659 221 686 274 5.
703 223 730 290 6,
887 219 923 277 79

72 373 118 432 Sit
130 376 256 432 ventum
268 373 339 444 dies,
354 373 457 432 mundi
470 393 545 451 quac
559 375 682 434 subruat
696 394 784 450 arces,

110 473 279 548 Purpureus
292 472 408 548 pluvias
421 492 473 531 our
485 472 561 532 bibit
575 492 659 532 arcus
673 494 774 551 aquas,

70 572 134 629 Aut
147 590 199 630 cur
211 570 370 631 Perrhaebi
383 574 529 630 tremuere
543 571 694 630 cacumina
706 572 802 645 Pindi,

110 669 185 728 Solis
199 673 229 729 et
242 670 347 729 atratis
359 669 473 730 luxeiit
486 669 563 729 orbis
577 670 671 748 equis,

70 768 129 826 Cur
142 788 221 827 seras
234 789 349 828 versare
362 771 450 828 boves
464 772 494 828 et
502 770 636 845 plaustra
649 770 758 843 Bootes,
885 779 920 829 35

108 868 260 927 Pleiadum
274 869 365 944 spisso
379 888 431 927 cur
444 868 503 927 coit
515 869 584 944 igne
597 869 710 939 chorus,

69 966 164 1026 Curva
178 987 245 1026 suos
257 968 331 1027 fines
344 967 438 1026 altum
450 986 510 1024 non
523 970 610 1026 exeat
624 987 740 1044 aequor,

107 1066 217 1124 Plenus
231 1069 261 1125 et
274 1066 306 1124 in
319 1069 418 1141 partes
431 1069 571 1143 quattuor
584 1086 678 1124 annus
692 1071 748 1138 eat,

69 1165 129 1224 Sub
142 1164 302 1250 terrissiut
314 1164 380 1223 iura
393 1165 481 1223 deum
494 1168 525 1224 et
536 1168 684 1223 tormenta
695 1170 846 1238 accensam,

107 1265 280 1340 Tisiphones
289 1262 482 1323 atrosifiuit
495 1283 591 1339 angue
604 1269 701 1340 caput,
882 1270 919 1322 40

67 1366 131 1424 Aut
143 1363 347 1424 Alcmaeoniae
360 1363 455 1422 iuriae
468 1367 520 1422 aut
533 1362 646 1422 ieiunia
659 1364 773 1436 Phinei,

106 1464 187 1522 Num
199 1466 272 1536 rota,
287 1482 360 1521 num
373 1461 493 1538 scopuli,
509 1482 582 1520 num
595 1461 660 1521 sitis
672 1461 752 1521 inter
765 1482 864 1541 aquae,

66 1562 146 1620 Num
158 1562 254 1622 tribus
267 1561 416 1620 infernum
429 1561 557 1620 custodit
570 1559 705 1620 faucibus
719 1564 837 1620 antrum

107 1662 256 1734 Cerberus,
272 1664 304 1720 et
316 1660 405 1739 Pityo
417 1660 521 1735 iugera
531 1679 626 1736 pauca
637 1679 752 1732 novem,

66 1759 115 1817 An
127 1760 198 1839 ficta
210 1758 242 1818 in
255 1759 374 1818 miseras
386 1759 538 1822 descendit
550 1758 651 1819 fabula
665 1758 771 1833 gentis,
881 1764 916 1814 45

104 1859 144 1917 Et
156 1859 245 1917 timor
257 1858 332 1916 haut
344 1858 425 1916 ultra
438 1877 526 1935 quam
539 1877 628 1932 rogus
641 1876 704 1916 asse
716 1859 823 1932 potest.

65 1957 174 2016 Exitus
186 1957 235 2016 hic
247 1956 327 2016 vitae
341 1960 458 2033 superet
470 1956 562 2014 mihi:
584 1975 645 2028 vos,
662 1954 769 2032 quibus
782 1974 862 2014 arms

98 2052 195 2116 Grata
207 2057 309 2132 magis,
324 2056 420 2116 Crassi
434 2056 517 2130 signa
529 2055 638 2115 referta
651 2056 778 2114 domum.

468 2252 509 2293 VI·

63 2355 118 2414 Dic
131 2356 205 2414 mihi
218 2356 254 2414 ds
267 2358 375 2428 nostra,
391 2374 467 2432 quae
482 2353 581 2427 sentis,
597 2373 667 2413 vera
679 2353 798 2429 puella:

102 2455 150 2514 Sic
162 2456 219 2514 tibi
233 2455 293 2514 sint
306 2454 448 2527 dominae,
464 2454 622 2531 Lygdame‚
638 2454 757 2528 dempta
769 2453 847 2528 iuga.

61 2553 91 2611 N
91 2573 142 2611 um
155 2573 202 2613 me
216 2553 331 2613 laetitia
343 2551 537 2612 tumefactum
549 2551 630 2610 iadis
642 2551 733 2625 inani,

100 2651 182 2710 Haec
195 2652 333 2725 referens,
350 2672 424 2729 quae
437 2671 484 2711 me
498 2652 612 2711 credere
626 2653 703 2711 velle
715 2651 825 2728 putas?

61 2751 162 2808 Omnis
177 2750 255 2809 euim
268 2751 355 2810 debet
369 2751 431 2809 sins
444 2770 519 2809 vano
532 2750 656 2809 nuntius
670 2769 740 2821 esse,
895 2755 911 2805 5

100 2850 298 2927 Maioremque
311 2852 417 2909 timeus
431 2871 528 2910 sersus
540 2851 648 2910 habere
661 2850 757 2908 fidem.

60 2950 89 3007 N
90 2968 147 3006 uuo
160 2951 242 3024 mihi,
258 2950 283 3008 si
296 2969 355 3026 qua
367 2954 459 3021 tenes,
476 2951 511 3008 ab
526 2949 637 3024 origine
651 2949 746 3007 dicare
759 2949 853 3024 prima

100 3049 219 3126 Incipe:
244 3049 391 3126 suspensis
404 3049 524 3107 auribus
536 3049 594 3106 ista
606 3049 713 3106 bibam.

60 3148 173 3207 Siccine
186 3169 250 3208 cam
262 3148 417 3224 incomptis
429 3147 530 3206 vidisti
543 3148 613 3205 flere
627 3145 765 3222 capillis?

99 3247 185 3305 Illius
199 3267 237 3306 ex
250 3247 342 3305 oculis
354 3248 449 3305 multa
462 3247 583 3304 cadebat
596 3245 697 3321 aqua?
874 3251 908 3302 10

58 3346 88 3404 N
89 3365 121 3404 ec
135 3347 285 3423 speculum
298 3349 390 3406 strato
403 3344 513 3417 vidisti,
528 3344 687 3422 Lygdame‚
702 3344 779 3404 lecto
790 3343 803 3402 ?
