2122 3728
105 234 159 290 108
310 231 527 290 raorsaru
548 231 610 290 un.
633 232 688 304 rv,
716 237 741 292 1.

142 389 296 448 Ducebant
307 408 419 448 macrae
432 388 504 448 vilia
517 408 598 448 sacra
610 390 709 450 boves.

102 488 196 546 Parva
210 487 334 562 saginati
346 488 511 548 lustrabant
525 487 652 564 compita
665 488 756 564 porei,

142 587 244 645 Pastor
257 590 288 646 et
301 587 338 646 ad
351 587 475 645 calamos
489 588 559 644 exta
572 585 680 645 litabat
693 588 768 646 ovis.

102 687 231 744 Verbera
242 686 364 761 pellitus
378 689 489 745 saetosa
501 688 638 745 movebat
651 690 760 759 mator,
922 695 954 747 25

141 785 227 844 Unde
239 784 331 843 licens
343 784 453 844 Fabius
467 803 546 844 sacra
558 784 711 861 Lupercus
724 787 827 847 habet.

103 884 164 942 Nec
176 883 257 942 rudis
270 883 386 943 infestis
399 883 483 943 miles
496 883 628 943 radiabat
641 883 674 942 in
687 884 777 943 armis
790 907 798 944 :

141 984 304 1043 Miscebant
316 987 383 1043 usta
395 983 505 1060 praelia
517 984 596 1042 nuda
610 984 692 1042 sude.

102 1082 199 1141 Prima
212 1083 352 1157 galeritus
364 1083 463 1160 posuit
476 1082 622 1159 praetoria
634 1082 782 1160 Lygmon‚

141 1183 307 1258 Magnaque
320 1202 387 1258 pars
400 1182 484 1242 Tatio
497 1168 594 1240 rerum
608 1184 673 1240 erat
686 1182 769 1242 inter
782 1202 861 1242 oves.
921 1187 954 1240 30

103 1282 182 1339 Hinc
196 1281 308 1341 Titiana
321 1283 506 1359 Ramnesque
513 1279 572 1357 scri
585 1279 774 1358 Luceresque
788 1283 891 1357 coloni,

142 1380 288 1446 Quattuor
301 1380 371 1438 hinc
384 1381 464 1439 albos
478 1379 621 1437 Romulus
635 1379 698 1453 egit
712 1399 814 1457 equos.

104 1479 218 1556 Quippe
232 1481 413 1538 suburbanae
426 1498 517 1554 parva
528 1477 626 1535 minus
639 1480 713 1537 urbe
726 1479 872 1553 Bovillae,

142 1578 190 1651 Et,
207 1577 258 1654 qui
271 1598 349 1636 nunc
362 1577 448 1650 nulli,
464 1576 592 1635 maxima
604 1578 702 1650 turba,
719 1578 805 1651 Gabi,

102 1679 142 1736 Et
156 1677 240 1736 stetit
252 1678 330 1736 Alba
342 1679 453 1753 potens,
470 1677 552 1734 albae
567 1675 626 1734 suis
640 1675 738 1735 omine
751 1681 832 1751 nata,
920 1683 953 1737 35

142 1776 207 1834 Hac
219 1775 272 1834 ubi
285 1775 410 1835 Fidenas
424 1776 512 1849 longa
525 1777 587 1833 erat
599 1773 657 1832 isse
671 1774 729 1834 via.

102 1874 154 1932 Nil
167 1873 303 1950 patrium,
319 1874 377 1932 nisi
390 1893 504 1945 nomen,
519 1873 609 1930 habet
622 1872 775 1933 Romanus
789 1876 940 1936 alumnus:

143 1973 300 2047 Sanguinis
313 1974 445 2032 altricem
457 1992 516 2030 non
529 1972 620 2047 pudet
633 1991 695 2030 esse
709 1974 822 2050 lupam.

102 2075 171 2133 Huc
184 2074 288 2133 melius
301 2074 440 2151 profugos
454 2073 568 2146 misisti,
584 2073 679 2145 Troia,
697 2075 837 2136 Penates.

140 2174 209 2232 Heu
223 2172 304 2250 quali
317 2177 401 2232 vecta
414 2177 458 2232 est
472 2173 607 2231 Dardana
619 2173 727 2249 puppis
742 2176 817 2234 ave!
920 2182 954 2234 40

101 2273 164 2329 Iam
177 2273 251 2331 bene
265 2272 445 2347 spondebant
457 2275 529 2330 tunc
544 2271 647 2344 omina,
665 2272 745 2348 quod
758 2273 839 2334 nihil
851 2275 932 2335 illam

139 2370 277 2428 Laeserat
290 2369 406 2444 abiegni
419 2373 523 2429 venter
537 2374 654 2446 apertus
669 2371 748 2447 equi,

101 2472 174 2529 Cum
187 2473 271 2546 pater
283 2471 316 2528 in
328 2471 391 2530 nati
404 2471 537 2546 trepidus
551 2470 662 2530 cervice
675 2473 830 2547 pependit,

140 2570 180 2628 Et
192 2570 287 2628 verita
300 2573 345 2628 est
357 2589 472 2628 umeros
486 2589 571 2628 urere
584 2569 700 2627 flamma
712 2570 787 2646 pios.

100 2670 182 2727 Tunc
196 2668 286 2726 animi
298 2688 404 2727 venere
418 2669 498 2741 Deci,
515 2669 660 2746 Brutique
675 2688 802 2744 secures,
922 2679 956 2732 45

138 2767 231 2825 Vexit
244 2770 274 2825 et
286 2766 349 2843 ipsa
363 2766 409 2825 sui
423 2766 552 2826 Caesaris
566 2787 645 2825 arma
657 2767 769 2827 Venus.

99 2867 190 2923 Arma
202 2865 380 2940 resurgentis
393 2869 512 2941 portans
526 2866 658 2925 victrida
671 2865 775 2926 Troiae

138 2965 226 3023 Felix
239 2968 318 3023 terra
330 2968 397 3023 tuos
411 2965 497 3040 cepit,
514 2965 590 3037 Iule,
606 2963 692 3023 deos!

99 3063 130 3120 Si
143 3065 226 3122 modo
239 3064 395 3124 Avernalis
406 3066 551 3123 tremulae
565 3063 676 3122 cortina
690 3062 826 3140 Sibyllae

138 3162 225 3221 Dixit
238 3162 386 3222 Aventino
399 3183 469 3222 rura
482 3162 588 3239 pianda
602 3163 701 3234 Remo,
921 3171 955 3224 50

99 3258 162 3316 Aut
175 3259 200 3318 si
212 3260 386 3335 Pergameae
400 3280 461 3320 sero
476 3264 540 3319 rata
553 3260 679 3321 earmina
691 3260 768 3319 vatis

138 3356 325 3433 Longaevum
339 3361 375 3419 ad
387 3359 497 3420 Priami
510 3379 579 3420 vera
591 3359 673 3420 fuere
687 3363 793 3436 caput:
