2122 3728
127 234 164 286 44
340 228 560 286 PROPERTII
582 228 642 286 EL.
666 229 710 300 Π,
738 233 784 288 15.

166 385 281 444 Viderit
293 387 373 457 haee,
390 386 415 444 11
430 406 517 462 quam
530 386 590 444 iam
602 386 748 462 peperisse
761 388 864 463 pudet.

127 487 207 545 Dum
218 506 271 544 nos
284 486 346 544 fata
359 486 469 558 sinunt,
485 486 583 544 oculos
597 477 735 544 satiemus
749 506 864 545 amore:

167 585 235 644 Nox
248 585 304 644 tihi
317 585 405 659 longa
417 584 509 658 venit,
524 605 579 643 nec
592 585 722 643 1011111111
736 585 806 643 dies.

128 687 228 761 Atque
241 684 355 742 utinam
367 685 521 748 haerentes
535 683 576 742 110
589 703 642 742 nos
655 682 766 742 vincire
780 686 886 742 catena
946 689 981 741 25

168 784 275 855 Vellcs,
291 787 327 842 ut
338 802 500 859 numquam
514 784 640 841 solveret
653 783 716 840 ulla
729 782 810 841 dies!

129 884 272 960 Exemplo
285 883 402 942 iunctae
415 883 471 941 tibi
486 883 545 941 sint
558 883 590 940 in
603 902 700 941 amore
715 883 878 955 columbae,

169 983 317 1041 Masculus
331 985 361 1042 et
373 985 469 1040 totum
482 981 592 1040 femina
605 981 785 1055 coniugium.

130 1083 225 1152 Errat,
242 1081 294 1157 qui
307 1081 395 1139 finem
408 1079 509 1138 vesani
523 1079 639 1156 quaerit
653 1079 775 1137 amoris:

169 1180 264 1237 Verus
277 1199 357 1236 amor
369 1179 486 1236 nullum
499 1178 582 1236 novit
595 1178 702 1237 habere
716 1178 845 1236 modum.
949 1182 983 1234 30

131 1279 219 1337 Terra
231 1279 313 1355 prius
325 1276 399 1336 falso
412 1281 500 1354 partu
514 1278 634 1335 deludet
648 1281 772 1349 arantes,

170 1378 210 1435 Et
224 1376 310 1435 citius
322 1376 421 1450 nigros
436 1376 486 1434 Sol
500 1375 624 1450 agitabit
638 1395 736 1452 equos,

131 1476 326 1553 Fluminaque
336 1476 375 1533 'ad
390 1478 478 1550 caput
490 1474 634 1550 incipient
647 1493 782 1533 revocare
796 1474 937 1551 liquores,

169 1575 278 1633 Aridus
292 1577 322 1632 ct
336 1574 409 1633 sicco
425 1573 542 1648 gurgite
555 1573 644 1650 piscis
658 1572 724 1644 erit,

131 1676 226 1741 Quam
238 1673 343 1750 possim
356 1676 470 1731 nostros
484 1673 541 1731 alio
554 1673 715 1753 transferre
727 1673 859 1746 dolores3
952 1678 986 1729 35

170 1773 269 1832 Huius
283 1793 331 1832 ero
345 1773 442 1845 vivus,
457 1777 592 1831 mortuus
605 1771 695 1831 huius
710 1791 767 1830 cro.

132 1874 216 1938 Quod
231 1872 305 1930 mihi
320 1873 344 1930 si
359 1892 457 1930 secum
470 1872 545 1930 tales
559 1871 715 1929 concedere
728 1873 830 1928 noctes

171 1973 230 2030 Illa
242 1972 325 2044 velit,
341 1972 420 2030 vitae
433 1973 539 2045 longus
553 1974 583 2028 et
597 1990 691 2028 annus
705 1968 779 2028 erit:

132 2073 165 2131 Si
178 2072 259 2130 dabit
272 2073 344 2130 haee
357 2072 475 2144 multas,
490 2072 559 2128 fiam
572 2070 744 2129 immortalis
757 2069 790 2127 in
803 2069 876 2129 11111.

170 2171 264 2229 Nocte
278 2190 338 2228 una
352 2169 450 2247 quivis
462 2170 511 2228 vel
525 2171 597 2228 deus
611 2189 673 2228 esse
686 2171 793 2245 potest.
950 2173 988 2224 40

133 2269 257 2334 Qualem
272 2268 296 2326 si
310 2268 410 2326 cuncti
424 2272 565 2344 cuperent
579 2269 732 2326 decurrere
745 2266 838 2325 vitam

172 2368 212 2425 Et
225 2367 317 2443 pressi
330 2368 425 2426 multo
439 2369 568 2425 membra
580 2367 675 2425 iacere
689 2385 776 2436 mero,

133 2467 200 2525 Nou
212 2467 325 2525 ferrum
339 2467 455 2524 crudele
469 2485 565 2542 neque
580 2467 656 2522 esset
668 2464 775 2522 bellica
787 2462 882 2534 navis,

172 2565 234 2624 Nec
247 2569 348 2624 nostra
360 2566 516 2623 Actiacum
529 2566 658 2622 verteret
672 2581 735 2620 0111
747 2581 835 2630 mare,

134 2664 196 2722 Neo
210 2664 319 2722 totiens
332 2665 457 2740 propriis
472 2663 581 2721 circum
595 2665 763 2739 oppugnata
775 2661 936 2738 triumphis
954 2666 990 2716 45

173 2763 263 2821 Lassa
275 2762 352 2820 foret
366 2763 459 2821 crines
474 2764 585 2820 solvere
599 2762 692 2820 Roma
706 2781 781 2819 suos.

133 2863 216 2920 Haec
231 2866 309 2920 certe
322 2863 427 2921 merito
440 2864 581 2938 poterunt
593 2862 713 2919 laudare
726 2860 871 2918 minores:

175 2961 338 3019 Laescrunt
351 2962 449 3019 nullos
462 2962 568 3038 pocula
581 2964 681 3019 nostra
693 2960 770 3017 deos.
859 3025 862 3032 ¹

136 3060 181 3117 Tu
195 3060 288 3131 modo,
304 3060 375 3117 dum
388 3060 476 3130 lucet,
493 3059 625 3117 fructum
638 3078 675 3116 ue
689 3058 788 3116 desere
801 3056 901 3115 vitae:

175 3158 280 3216 Omnia
293 3158 317 3217 si
331 3159 444 3217 dederis
458 3159 564 3233 oscula,
579 3178 673 3235 pauca
686 3157 778 3216 dabis.
957 3161 994 3213 50

136 3257 180 3313 Ac
194 3256 289 3315 veluti
302 3257 374 3316 folia
388 3262 502 3317 arentes
516 3258 629 3335 liquere
644 3258 775 3328 00101111,

175 3353 256 3419 Quae
269 3354 377 3430 passim
391 3357 513 3415 calathis
528 3361 620 3416 strata
633 3360 735 3416 natare
748 3354 838 3425 vides,
