2122 3728
272 234 491 297 PROPERTII
511 235 570 293 ΕΒ.
586 235 613 308 Ι,
633 239 677 294 19.
694 241 741 295 20.
894 242 932 294 23

79 394 186 466 Quare,
201 395 271 454 dum
282 395 362 465 lieet,
377 394 457 452 inter
470 412 522 451 nos
535 393 679 452 laetemur
692 397 840 453 amantes:
894 401 931 452 25

118 493 149 550 N
149 512 187 551 on
200 493 269 552 satis
282 497 327 552 est
340 494 403 552 ullo
416 496 547 568 tempore
559 492 665 566 longus
679 512 766 551 amor.
817 548 822 557 ,

478 688 529 728 ΧΧ.

79 788 145 846 Hoe
158 808 210 865 pro
224 789 361 864 continuo
375 792 415 859 te,
431 788 525 861 Galle,
539 807 689 847 monemus
702 807 806 870 amore,

119 887 156 945 Id
168 887 273 946 tibine
286 906 377 946 vaouo
391 887 502 945 defluat
515 906 554 945 ex
567 886 681 945 animo:

82 992 101 1020 “
117 988 207 1064 Saepe
220 987 390 1064 imprudenti
403 987 523 1046 fortuna
536 987 662 1046 occurrit
675 988 815 1047 amanti.”

71 1100 88 1124 Α
121 1086 251 1145 Crudelis
264 1085 375 1164 Minyis
388 1086 498 1145 dixerit
510 1086 663 1146 Ascanius.

79 1186 134 1244 Est
146 1185 202 1260 tibi
213 1205 278 1267 non
284 1185 368 1270 inira
376 1185 509 1262 speeiem,
524 1204 583 1261 uon
595 1184 713 1244 nomine
726 1185 832 1262 dispar,
914 1193 931 1243 5

120 1265 345 1346 Thiodamarlteo
358 1268 509 1362 proruimus
523 1286 608 1367 ardor
620 1286 737 1362 Hylae:

80 1385 161 1442 Hue'o
174 1387 218 1455 tu,
235 1384 296 1444 sive
309 1385 389 1459 leges
402 1386 554 1443 umbrosae
567 1384 689 1443 flumina
702 1384 802 1458 silvae,

115 1483 188 1563 'Sive
201 1484 317 1542 Aniena
329 1487 397 1542 tuos
409 1483 536 1542 tinxerit
548 1483 628 1542 unda
640 1483 737 1559 pedes,

81 1581 149 1641 Sive
163 1582 307 1658 Gigantea
317 1582 482 1659 spatiabere
496 1581 592 1641 litoris
606 1600 665 1654 ora,

121 1680 188 1739 Sive
201 1681 377 1757 ubicumque
390 1700 463 1755 vago
476 1679 607 1739 fluminis
619 1679 756 1756 hospitio,
895 1686 930 1740 10

79 1779 284 1856 Nympharum
297 1799 409 1856 semper
422 1779 542 1856 cupidas
555 1779 679 1838 defende
691 1779 816 1855 rapinas,

119 1878 150 1935 N
150 1898 188 1936 on
200 1864 294 1937 minor
306 1877 445 1938 Ausoniis
459 1880 504 1937 est
517 1897 597 1936 amor
609 1869 762 1954 Adryasin.

79 1976 110 2033 N
111 1996 126 2034 e
139 1976 195 2035 tibi
209 1976 256 2052 sit„
271 1977 382 2050 durusne,
392 1979 508 2036 montes
522 1979 553 2035 et
564 1975 673 2051 frigida
686 1994 765 2048 saxa,

120 2075 213 2147 Galle,
228 2059 473 2152 uedue'expertos
487 2095 599 2151 semper
610 2075 691 2134 adire
703 2076 793 2148 loeus,

81 2174 163 2239 Quae
175 2174 263 2240 miser
274 2175 383 2249 ignotis
396 2194 476 2234 error
487 2175 685 2252 perpessusin
698 2176 756 2235 oris
895 2181 930 2235 15

119 2272 257 2330 Herculis
270 2272 410 2332 indomito
423 2273 545 2333 fleverat
557 2274 691 2333 Aseanio.

79 2371 110 2428 N
111 2390 215 2447 amque
227 2371 328 2430 ferumt
340 2371 411 2430 olim
423 2373 551 2447 Pagasae
565 2372 719 2433 navalibus
732 2373 833 2448 Argon

120 2470 274 2544 Egressum
286 2470 372 2545 longe
384 2470 524 2529 Phasidos
536 2470 593 2529 isse
606 2471 692 2544 mam,

80 2567 121 2624 ut
133 2568 192 2625 iam
204 2567 369 2643 praeteritis
381 2568 528 2628 labentem
542 2569 766 2644 Athamantidos
779 2553 867 2629 undis

120 2666 271 2743 Mysorum
283 2667 409 2743 seopulis
422 2666 595 2743 adplicuisse
607 2671 711 2751 ratem:
892 2673 929 2727 20

80 2765 140 2823 Hie
153 2784 256 2825 manus
267 2767 397 2838 heroum,
412 2765 535 2842 placidis
547 2770 583 2826 ut
596 2767 728 2826 constitit
742 2767 808 2840 oris,

120 2863 224 2922 Mollia
237 2864 394 2939 composita
406 2864 494 2924 litora
506 2865 607 2924 fronde
620 2865 705 2939 tegit.

81 2963 124 3019 At
137 2980 230 3020 eomes
242 2961 347 3020 invicti
359 2962 474 3021 iuvenis
486 2966 664 3039 processerat
676 2963 757 3022 ultra

121 3061 227 3119 Raram
241 3061 359 3137 sepositi
373 3080 511 3138 quaerere
523 3061 614 3120 fontis
628 3080 743 3137 aquam.

81 3158 170 3217 Hune
183 3159 240 3218 duo
254 3159 356 3219 sectati
367 3160 482 3236 iratres,
497 3159 657 3237 Aquilonia
669 3161 773 3235 proles,
892 3165 928 3217 25

122 3257 210 3318 Hune
223 3278 310 3336 super
323 3263 354 3319 et
362 3260 457 3333 Zetes,
472 3262 551 3319 hune
565 3278 652 3336 super
664 3263 695 3318 et
708 3258 811 3332 Calais,
930 3279 931 3283 ¹

86 3354 189 3416 Oseula
201 3357 348 3436 suspensis
359 3357 509 3420 instabant
522 3375 638 3434 carpere
650 3356 762 3433 palmis,

829 1943 889 2002 05⁹2
