2122 3728
142 210 180 262 46
357 206 576 265 PROPERTII
597 208 655 265 EL.
679 209 724 280 ΙΙ,
751 214 797 267 16.

179 364 219 422 Et
233 363 330 423 subito
338 362 418 432 ¹felin
431 383 511 423 nune
525 385 589 424 mea
602 385 692 440 regna
704 369 800 425 tenet.

139 463 254 539 Aspice,
271 463 344 539 quid
356 463 440 521 donis
454 464 599 541 Eriphyla
610 464 727 523 invenit
740 464 856 538 ameris,

179 561 293 620 Arsen't
306 565 337 620 et
347 561 466 638 quentis
478 565 574 637 nupta
587 562 695 621 Creusa
707 563 803 621 malis.
962 569 997 621 30

140 662 268 721 Nullane
283 663 395 721 sedabit
408 667 522 722 nostros
535 663 644 722 iniuria
657 663 771 723 fletus?

178 763 228 820 An
241 762 322 820 dolor
335 762 384 820 hie
397 761 479 820 vitiis
492 763 586 821 nescit
600 764 699 821 abesse
712 762 798 820 tuis?

141 860 197 917 Tot
209 860 268 917 ism
282 860 379 919 abiere
392 860 463 932 dies,
480 880 548 919 oum
560 881 607 919 me
620 880 673 919 neo
687 880 758 920 eura
770 860 885 920 theatri

179 958 241 1017 Neo
254 959 356 1032 tetigit
371 959 482 1035 Campi,
497 979 552 1018 neo
565 979 629 1018 meo
642 979 741 1018 mensa
754 959 849 1020 iuvat.

140 1059 183 1116 At
195 1058 305 1133 pudeat
318 1062 405 1129 certe,
421 1058 547 1134 pudeat3
568 1057 626 1116 nisi
638 1057 724 1129 forte,
741 1059 820 1135 quod
834 1058 929 1132 aiunt,
961 1065 995 1117 35

180 1157 285 1232 Turpis
299 1177 378 1215 amor
392 1157 486 1216 surdis
500 1157 619 1216 auribus
633 1177 693 1216 esse
708 1158 791 1216 solet.

141 1256 233 1314 Cerne
246 1256 357 1325 dueem,
373 1256 457 1312 modo
471 1255 523 1331 qui
535 1255 656 1313 fremitu
670 1255 828 1332 complevit
841 1255 926 1315 inani

180 1355 267 1413 Aetia
280 1354 426 1412 damnatis
439 1373 565 1430 aequora
577 1353 731 1413 militibus.

140 1454 230 1512 Hune
243 1453 360 1511 infamis
373 1472 453 1511 amor
466 1453 558 1511 versis
571 1454 640 1511 dore
652 1456 736 1527 terga
749 1453 858 1512 earinis

181 1551 273 1610 Iussit
286 1556 317 1610 et
331 1554 461 1610 extremo
475 1570 614 1627 quaerere
627 1550 659 1608 in
673 1553 741 1610 orbe
753 1551 865 1626 fugam.
958 1558 994 1610 40

142 1649 271 1710 Caesans
283 1650 355 1707 haee
368 1649 463 1708 virtus
477 1651 508 1707 et
522 1649 614 1723 gloria
628 1648 756 1709 Caesaris
768 1650 841 1708 haee
855 1653 920 1709 est:

181 1749 249 1819 Illa,
266 1767 324 1824 qua
336 1747 417 1819 vieit,
434 1746 563 1805 condidit
577 1767 657 1804 arma
668 1767 767 1805 manu.

143 1848 200 1906 Sed
213 1862 411 1924 quascumque
424 1845 480 1904 tibi
493 1850 598 1916 vestes,
615 1865 813 1922 quoscumque
828 1848 995 1921 smaragdos

182 1946 296 2011 Quosve
310 1945 391 2003 dedit
403 1944 478 2002 flavo
491 1945 602 2003 lumine
616 1945 819 2021 chrysolithos,

142 2047 224 2104 Haec
237 2045 352 2102 videam
364 2043 478 2119 rapidas
491 2042 523 2100 in
535 2062 644 2101 vanum
656 2043 733 2101 ferre
746 2043 898 2119 proeellas,
957 2049 993 2100 45

182 2144 263 2208 Quae
275 2143 331 2201 tibi
344 2145 430 2216 terra,
446 2141 543 2212 velim,
560 2161 634 2218 quae
647 2141 703 2200 tihi
716 2141 770 2199 fiat
780 2160 866 2217 aqua.

141 2246 208 2304 Non
223 2264 334 2320 semper
346 2244 478 2320 placidus
490 2243 621 2319 periuros
634 2242 710 2302 ridet
724 2247 854 2302 amantes

181 2345 318 2420 Iuppiter
331 2348 361 2402 et
375 2343 461 2401 surda
473 2342 598 2417 negligit
611 2328 680 2400 sure
693 2361 800 2417 preces.

141 2443 263 2504 Vidistis
276 2445 338 2500 toto
353 2441 465 2499 sonitus
477 2459 645 2516 percurrere
659 2440 745 2503 eaelo,

180 2540 375 2616 Fulminoque
389 2538 518 2598 aethen'a
531 2537 681 2597 desiluisse
694 2537 787 2595 domo.
957 2546 994 2598 50

140 2641 208 2698 Non
221 2640 293 2697 haee
306 2637 438 2696 Pleiades
451 2636 566 2694 faciunt
578 2654 674 2711 neque
688 2655 814 2711 aquosus
828 2637 929 2712 Orion,

180 2740 242 2797 Neo
257 2738 297 2796 sio
310 2738 346 2796 de
359 2736 452 2794 nihilo
466 2736 599 2794 fulminis
612 2736 656 2793 ira
669 2736 747 2794 eadit
759 2756 766 2792 ε

139 2837 274 2896 Periuros
287 2840 359 2893 tune
372 2834 425 2892 ille
438 2835 513 2892 solet
526 2833 631 2909 punire
643 2833 765 2908 puellas,

178 2934 326 3008 Deeeptus
340 2930 476 3008 quoniam
489 2931 572 2989 flevit
586 2935 616 2989 et
629 2931 691 3006 ipse
704 2931 784 2989 deus.

139 3035 234 3099 Quare
248 3050 286 3088 ne
299 3031 355 3089 tibi
369 3031 408 3088 sit
420 3030 498 3088 tanti
512 3029 630 3088 Sidonia
643 3031 741 3099 vestis,
957 3042 993 3093 55

176 3132 218 3190 Ut
231 3128 345 3200 timeas,
362 3127 497 3204 quotiens
509 3128 629 3186 nubilus
642 3128 752 3187 Auster
765 3129 829 3188 enit.
