2122 3728
98 217 163 275 xlvi
402 214 644 274 PRAEFATIO.

99 374 137 432 N.
178 374 253 433 Vide
275 373 494 433 adnotationem
517 371 715 446 Hertzbergii‚
723 408 729 434 μ
741 376 771 430 et
795 371 897 431 confer
918 373 955 431 R.

98 473 236 531 Ellisium
248 472 281 530 in
293 472 430 530 Academ.
443 472 515 530 Feb.
532 473 607 530 1873
619 494 625 544 ;
650 471 748 529 Selour
758 470 808 528 hio
821 473 945 530 mavult.

141 576 167 630 1.
190 577 237 630 33.
258 571 345 630 rr'oluo
358 571 396 628 N.
429 570 544 629 Sustuli
564 569 833 646 interpunctionem
847 571 957 629 Hertz·

99 671 193 746 bergii
207 690 282 746 quae
295 689 381 728 verae
395 669 557 728 sententiae
572 670 662 727 obest.

143 774 168 826 1.
192 773 238 826 36.
260 768 310 826 ubr'
321 767 359 839 N,
375 767 417 824 H.
448 767 502 825 tr'br'
514 767 607 825 codex
627 766 817 837 Heinsianus‚
833 765 959 824 fortasse

100 886 178 926 vere.
220 868 272 924 r'aoe
294 865 332 937 N,
359 866 400 924 ire
422 865 454 922 H
478 884 545 923 eum
568 866 765 938 Groningano.
806 867 868 923 or'oo
889 866 960 924 libri

101 985 209 1024 omnes.
245 965 326 1041 louqu
338 984 390 1041 pro
412 963 488 1040 lareyo
502 963 594 1022 edidit
607 964 641 1021 L.
657 964 822 1022 Muellerus
834 963 960 1022 fortasse

102 1067 191 1122 reete.
679 1067 705 1120 1.
728 1066 765 1118 38
780 1067 866 1136 putet
879 1063 918 1120 N.

145 1167 171 1219 1.
193 1165 241 1219 40.
255 1161 323 1219 Heu
336 1161 374 1220 N.
404 1160 527 1219 fortasse
540 1161 616 1219 Her.
648 1160 731 1232 0,Η.
754 1146 865 1235 prqipio
878 1161 956 1232 libri,

103 1261 181 1337 quod
194 1261 248 1318 vix
262 1280 365 1318 sanum
378 1260 463 1317 duoo.
497 1259 527 1316 N
528 1279 574 1316 am
587 1259 714 1335 primum
727 1259 837 1316 rectius
851 1259 960 1317 dieitur

97 1357 265 1434 puppeoebr'
277 1378 365 1434 quam
373 1377 497 1432 puppem
510 1357 588 1415 oeli:
605 1356 774 1432 Propertius
784 1360 878 1415 ratem
891 1357 960 1416 vehi

103 1476 249 1533 nusquam
262 1456 349 1514 dixit.
388 1455 463 1513 Cave
477 1459 512 1512 tu
525 1474 563 1512 ne
571 1455 603 1511 in
618 1459 645 1512 3.
661 1459 709 1512 21.
728 1459 773 1525 19,
789 1460 879 1513 vertar
893 1475 960 1513 eum

98 1555 230 1631 ploratur
244 1555 412 1628 coniungas.
454 1553 530 1611 Tum
544 1553 622 1611 illum
636 1554 668 1610 in
682 1558 729 1626 41,
743 1553 767 1610 si
780 1554 818 1611 ad
831 1574 960 1631 puppem

104 1655 263 1714 referamus
286 1653 365 1712 omni
384 1652 531 1726 elegantia
553 1656 642 1711 caret.
692 1651 783 1710 Credo
806 1656 859 1711 aut
872 1652 960 1727 pota

106 1758 158 1813 aut
180 1753 279 1812 Pallor
301 1752 459 1826 legendum
483 1770 553 1808 esse.
594 1749 692 1820 Pubr'r,
712 1749 835 1808 formam
852 1770 957 1822 raram,

106 1853 156 1911 sed
169 1871 228 1910 non
240 1850 412 1921 inauditam,
428 1869 480 1926 pro
488 1848 576 1923 puber
590 1848 772 1922 grammatici
786 1852 958 1922 agnoscunt.

106 1950 151 2009 cf.
180 1950 337 2008 ‘Dardana
359 1947 469 2024 pubes'
493 1947 581 2021 Verg.
605 1948 679 2004 Aen.
709 1947 736 2005 7.
762 1951 830 2006 218.
873 1946 960 2004 Hane

106 2047 302 2106 coniecturam
321 2046 380 2105 iam
398 2049 466 2104 ante
484 2064 530 2102 me
550 2048 741 2120 proposuerat
758 2046 848 2104 Auot.
863 2045 958 2103 Eleot.

106 2147 193 2204 Eton.
222 2146 325 2204 Maior.
350 2144 568 2219 improbaverat
592 2142 787 2200 Burmannus.
830 2143 909 2208 Quid
937 2143 962 2200 si

106 2244 205 2304 Pallor
218 2243 414 2319 reponamus?
444 2243 488 2301 of.
501 2248 528 2301 4.
544 2248 572 2299 4.
588 2247 636 2300 45.
653 2243 706 2300 Ov.
719 2243 807 2303 Trist.
820 2248 848 2300 3.
866 2247 893 2303 1.
909 2248 957 2301 29.

109 2343 239 2401 Obscura
252 2343 287 2401 de
301 2341 428 2416 imagine
442 2340 570 2398 Palladis
583 2340 706 2398 Romam
719 2341 840 2399 advecta
852 2341 963 2401 tradita

109 2445 188 2500 sunt.
231 2440 275 2499 cf.
292 2440 401 2499 Comm.
417 2440 470 2498 Or.
486 2439 567 2496 Fast.
584 2443 611 2498 6.
627 2443 694 2510 421,
711 2458 791 2516 seqq.

150 2545 176 2599 1.
200 2539 248 2599 57.
270 2558 348 2596 eourr
361 2539 400 2609 N,
416 2557 496 2596 eonor
508 2537 607 2611 vulgo.
653 2541 678 2594 l.
701 2541 748 2596 61.
767 2539 868 2613 qiuqat
881 2538 920 2598 N.

150 2643 175 2695 1.
200 2642 246 2695 65.
267 2638 393 2714 quiaquia
408 2638 496 2695 rerar't
509 2636 547 2694 N.
582 2637 610 2693 or'
621 2637 684 2712 quir
697 2642 788 2695 arrad
801 2637 834 2696 H
846 2637 947 2711 vulgo.

151 2741 176 2795 1.
200 2738 247 2796 71.
268 2756 334 2812 ναμε
348 2737 386 2794 Ν.
421 2737 489 2813 fatu
502 2735 541 2794 N.
581 2735 671 2809 vulgo
689 2735 797 2793 edunt:
826 2735 883 2802 Quo
898 2737 963 2794 rur'r

109 2836 268 2910 imprudens
281 2855 346 2911 oure
366 2836 455 2893 dicere
461 2835 543 2911 foetu
558 2835 695 2908 Properti
703 2837 719 2891 ,9
759 2834 816 2893 Sed
835 2854 886 2911 quo
899 2835 962 2892 ruia

109 2956 161 3012 per
179 2956 208 2994 se
228 2955 312 3012 saepe
325 2940 499 3011 usurpatum
519 2934 595 2992 nihil
614 2939 682 3009 eget
699 2935 847 2993 infinitivo
865 2936 962 3011 prola·

108 3033 170 3092 tivo
197 3035 294 3106 dicere,
320 3037 351 3092 et
371 3033 506 3108 ineptum
531 3033 608 3091 foret
631 3053 749 3106 magum
774 3052 876 3106 rogare
903 3052 962 3110 quo

109 3136 207 3191 rueret
226 3131 404 3207 Propertiua
425 3131 449 3189 si
469 3131 576 3189 eoiret:
599 3135 664 3188 tum
684 3132 743 3189 duo
762 3130 889 3190 vocativi
909 3133 962 3190 r'm·

103 3233 229 3306 prudeus
251 3234 281 3290 et
301 3249 367 3305 aare
388 3230 441 3287 vix
467 3230 621 3289 tolerandi.
664 3230 772 3306 Scripsi
794 3230 872 3307 quod
894 3235 963 3290 ante

109 3349 156 3388 me
169 3328 337 3388 Livineium
358 3327 511 3387 coniecisse
531 3327 642 3405 reperio
656 3328 714 3387 nisi
731 3329 898 3407 quodfacto
910 3329 965 3389 ille
