2122 3728
292 249 509 308 rnornnrn
530 249 650 320 nnn,
667 253 714 305 24.
890 214 955 303 ss⁴

461 494 543 535 XXIV.

76 608 141 665 Hoo
155 609 218 666 erat
230 606 263 664 in
275 605 377 682 primis
390 605 468 682 quod
480 625 527 664 me
541 605 667 679 gaudere
680 604 822 664 iubebas?

116 705 188 763 Tam
200 708 231 764 te
244 705 398 762 formosam
410 724 469 762 non
482 705 575 780 pudet
588 724 649 763 esse
662 703 779 763 levem?

76 805 143 862 Una
156 806 208 863 aut
221 804 313 863 altera
325 823 386 861 nox
398 803 529 861 nondum
542 806 586 861 est
599 803 631 860 in
644 822 740 861 amore
752 805 877 879 peraeta,

15 907 53 949 (²⁰)
116 902 156 960 Et
168 901 248 961 dioor
260 903 336 960 lecto
349 901 408 960 iem
422 901 518 975 gravis
532 921 592 960 esse
605 904 668 960 tuo.

77 1003 126 1061 Me
140 1003 222 1060 modo
235 1002 382 1073 laudabas,
399 1005 430 1060 et
443 1000 570 1059 earmina
582 1004 682 1060 nostra
693 1001 827 1075 legebas:
910 1005 926 1056 5

117 1102 174 1159 Ille
187 1104 257 1159 tuus
269 1120 380 1176 pennas
392 1103 453 1159 tam
467 1100 524 1159 aito
538 1099 629 1158 vertit
642 1098 744 1157 amor?

78 1199 240 1257 Contendat
253 1218 367 1257 meoum
379 1197 506 1273 ingenio,
523 1198 679 1256 contendat
692 1201 722 1256 et
736 1200 806 1269 arte,

117 1299 155 1356 In
167 1297 269 1374 primis
281 1317 341 1356 nna
354 1298 446 1356 diseat
459 1317 555 1355 amare
568 1297 670 1354 domo:

12 1404 51 1449 (²⁶1
79 1396 111 1455 Si
123 1396 242 1456 libitum
254 1395 310 1455 tibi
323 1395 387 1470 erit,
402 1396 546 1454 Lernaeas
558 1398 671 1471 pugnet
684 1395 721 1453 ad
732 1395 850 1472 hydras,

117 1497 157 1554 nt
170 1496 226 1554 tibi
239 1497 275 1554 ab
289 1494 431 1570 Hesperio
445 1495 521 1553 mala
534 1494 657 1552 dracone
669 1493 755 1565 ferat,
892 1497 927 1550 10

77 1595 182 1653 Taetra
194 1614 307 1652 venena
319 1594 414 1653 libens
427 1598 458 1653 et
470 1594 630 1668 naufragus
644 1593 742 1652 ebibat
753 1593 855 1666 undas,

116 1693 156 1750 Et
168 1713 328 1769 numquam
340 1712 393 1768 pro
406 1696 437 1752 te
449 1693 575 1767 deneget
587 1711 649 1750 esse
661 1691 788 1749 miser-

78 1792 157 1856 Quos
170 1791 283 1850 utinam
295 1791 328 1849 in
340 1791 432 1864 nobis,
448 1791 518 1865 vita,
535 1791 684 1866 experiare
698 1791 866 1849 labores-z

16 1908 53 1951 (³⁰)
117 1890 181 1946 Iam
193 1889 250 1948 tibi
263 1890 299 1948 de
312 1889 424 1948 timidis
436 1889 492 1949 iste
504 1892 658 1965 protervus
672 1889 736 1962 erit,

78 1988 136 2052 Qui
149 2007 228 2046 nune
237 2008 267 2047 se
275 1987 307 2046 in
317 1987 465 2046 tumidum
474 1987 608 2047 iaetando
619 1986 702 2045 venit
711 1987 866 2045 honorem:
892 1991 926 2044 15

116 2086 278 2145 Discidium
290 2086 373 2145 vobis
385 2087 535 2163 proximus
549 2106 642 2145 annus
652 2085 716 2145 erit.

77 2185 120 2243 At
132 2204 247 2243 menon
260 2188 340 2243 aetas
352 2185 479 2244 mutabit
491 2188 555 2243 tota
569 2185 707 2262 Sibyllae,

116 2283 146 2341 N
147 2303 184 2341 on
196 2285 279 2342 labor
291 2283 422 2356 Aloidae,
437 2303 496 2341 non
509 2283 593 2358 niger
604 2283 656 2342 ille
670 2283 741 2344 dies.

16 2399 53 2441 (π)
78 2383 122 2442 Tu
132 2403 196 2442 mea
209 2403 362 2459 compones
375 2387 405 2443 et
418 2384 514 2442 diaes:
540 2384 640 2443 “Ossa
653 2384 795 2460 Properti,

120 2489 139 2516 “
148 2484 230 2542 Haeo
243 2487 297 2543 tua
311 2488 393 2543 sunt:
410 2485 539 2543 heuheu
549 2487 584 2542 tu
594 2483 667 2542 mihi
676 2489 772 2543 oertus
781 2505 853 2543 eras.
890 2489 926 2541 20

79 2583 183 2641 Certus
197 2603 260 2641 eras
273 2584 332 2641 heu
345 2585 413 2655 hen,
430 2582 563 2660 quamvis
577 2602 631 2641 neo
645 2583 787 2657 sanguine
801 2583 879 2641 avito

116 2681 231 2740 Nobilis
245 2686 276 2741 et
290 2681 425 2758 quamvis
438 2701 494 2740 noa
507 2681 551 2740 ita
563 2681 644 2740 dives
658 2682 752 2740 eras.''

77 2780 129 2838 Nil
142 2800 194 2855 ego
208 2800 267 2839 non
279 2779 391 2857 patiar:
413 2799 574 2857 numquam
587 2800 633 2838 me
645 2780 754 2839 iniuria
766 2783 879 2838 mutat:

15 2891 53 2934 (ω)
116 2879 205 2937 Ferre
218 2898 271 2953 ego
284 2878 439 2936 formosam
451 2880 568 2936 nullum
581 2899 655 2937 onus
668 2898 729 2937 esse
742 2881 823 2955 puto.

79 2976 170 3035 Oredo
184 2997 237 3052 ego
249 2997 309 3035 non
320 2997 427 3053 paucos
440 2977 498 3036 ista
510 2977 628 3053 periisse
642 2978 745 3051 figura,
893 2982 929 3035 25

119 3075 209 3135 Credo
224 3095 276 3151 ego
289 3096 296 3134 ε
320 3076 370 3134 sed
382 3077 491 3134 multos
503 3095 563 3134 non
575 3076 711 3134 habuisse
724 3076 820 3134 fidem.

79 3175 171 3233 Parvo
185 3175 292 3234 dilexit
305 3174 399 3250 spatio
412 3175 543 3233 Minoida
555 3174 693 3245 Theseus,

119 3273 257 3351 Phyllida
269 3274 469 3350 Demophoon,
483 3275 591 3352 hospes
601 3276 734 3350 uterque
742 3274 858 3332 malus.

11 3392 49 3434 aa
72 3373 136 3429 Iam
151 3373 208 3432 tibi
218 3374 340 3436 Iasonia
354 3380 429 3439 nota
444 3381 492 3441 est
504 3379 620 3441 Medea
633 3377 755 3448 oan'mns
