2122 3728
112 219 167 273 106
275 216 654 290 PROPERTHEL.111,
677 223 728 280 24.
750 225 802 280 25.

149 372 317 450 Naufragus
330 379 447 450 Aegaea
459 393 529 432 vera
540 373 657 434 fatebor
670 396 760 454 aqua.

109 470 265 548 correptus
279 492 363 531 saevo
377 471 500 532 Veneris
513 475 646 557 torrebar
659 475 765 548 aheno,

148 569 271 630 Vinctus
285 590 363 630 eram
374 591 472 630 versas
484 571 516 629 in
529 592 594 630 mea
604 574 690 648 terga
703 594 821 636 manus.

108 668 183 727 Eece
197 673 349 729 coronatae
361 673 480 746 portum
496 670 620 746 tetigere
634 672 761 747 carinae,
932 683 961 734 15

148 762 297 828 Traiectae
313 769 423 846 Syrtes,
440 788 545 827 ancora
557 769 635 829 iacta
647 771 724 830 mihi
738 777 794 832 est.

108 866 195 925 Nunc
208 867 326 926 demum
339 871 421 927 vasto
434 867 505 926 fessi
518 868 717 945 resipiscimus
731 876 828 944 aestu,

147 964 335 1043 Vulneraque
349 966 386 1025 ad
400 986 502 1024 sanum
514 986 594 1025 nunc
608 968 703 1028 coiere
716 989 793 1029 mea.

107 1063 192 1121 Mens
204 1064 288 1136 bona,
305 1064 403 1141 siqua
416 1065 470 1122 dea
483 1084 522 1136 es,
539 1067 592 1123 tua
604 1085 652 1124 me
665 1066 698 1125 in
713 1070 844 1129 monario
856 1071 936 1130 dono.

147 1162 326 1222 Exciderunt
339 1164 426 1222 surdo
439 1166 486 1222 tot
498 1182 563 1222 mea
576 1167 646 1223 vota
659 1165 738 1225 Iovi.
929 1173 961 1226 20

499 1361 569 1400 XXV.

108 1461 195 1520 Risus
209 1481 289 1520 eram
301 1462 403 1538 positis
416 1461 495 1519 inter
509 1459 643 1520 convivia
655 1462 777 1536 mensis,

147 1560 187 1618 Et
200 1560 236 1619 de
249 1580 296 1619 me
308 1562 424 1637 poterat
438 1559 563 1636 quilibet
576 1578 638 1618 esse
650 1560 776 1637 loquax.

107 1657 245 1736 Quinque
258 1658 314 1718 tibi
327 1659 411 1735 potui
425 1658 533 1717 servire
546 1657 674 1718 fideliter
688 1678 803 1719 annos:

146 1758 252 1832 Ungue
265 1777 359 1817 meam
371 1776 465 1815 morso
479 1775 564 1832 saepe
579 1775 702 1832 querere
715 1758 817 1818 fidem.

106 1855 158 1913 Nil
172 1875 288 1915 moveor
299 1856 445 1915 lacrimis:
466 1856 524 1914 ista
537 1874 602 1913 sum
616 1858 718 1914 cactus
733 1859 771 1916 ab
786 1867 860 1918 arta.
944 1865 958 1915 5

146 1941 266 2031 Semper
278 1957 314 2013 ab
327 1954 450 2027 insidiis,
467 1953 605 2030 Cynthia,
620 1953 691 2011 fiere
706 1955 793 2014 soles.

105 2052 195 2111 Flcbo
211 2073 263 2127 ego
277 2053 434 2125 discedens,
451 2052 501 2110 sed
513 2051 617 2110 fletum
629 2050 740 2110 iniuria
754 2055 877 2132 vincet:

145 2151 189 2210 Tu
203 2154 277 2211 bene
291 2151 465 2211 conveniens
477 2169 537 2207 non
551 2149 622 2207 sinis
635 2149 678 2207 ira
692 2150 809 2226 iugum.

105 2249 220 2308 Limina
233 2250 291 2308 iam
304 2249 411 2308 nostris
424 2248 543 2307 valeant
556 2246 741 2307 lacrimantia
755 2252 866 2324 verbis,

144 2348 206 2406 Nec
219 2351 318 2407 tamen
330 2347 406 2406 irata
419 2347 508 2406 ianua
520 2345 615 2404 fracta
627 2365 727 2404 manu.
927 2354 958 2408 10

104 2447 146 2503 At
159 2449 189 2505 te
204 2446 304 2505 celatis
318 2449 398 2505 aetas
412 2444 509 2520 mavis
522 2446 627 2518 urgeat
640 2445 735 2518 annis,

143 2545 183 2604 Et
195 2544 296 2605 veniat
308 2544 419 2603 formae
433 2561 507 2617 ruga
520 2541 638 2601 sinistra
650 2545 729 2601 tuae.

102 2643 219 2703 Vellere
231 2646 296 2703 tum
310 2642 408 2718 capias
421 2641 501 2700 albos
515 2659 532 2698 a
546 2640 636 2716 stirpe
650 2641 774 2716 capillos

141 2742 179 2814 A,
195 2742 312 2818 speculo
326 2759 414 2814 rugas
427 2737 622 2814 increpitante
635 2737 699 2810 tibi,

101 2839 232 2900 Exclusa
244 2839 335 2916 inque
348 2839 442 2898 vicem
455 2837 550 2896 fastus
562 2836 675 2913 patiare
688 2843 842 2916 superbos,
929 2849 959 2902 15

140 2939 181 2999 Et
194 2958 270 3018 quae
283 2936 381 2997 fecisti
393 2936 473 2997 lacta
486 2935 618 3014 queraris
631 2955 714 2995 anua.

100 3033 165 3097 Eas
177 3036 234 3098 tibi
247 3036 347 3097 lamiis
360 3036 466 3097 cecinit
478 3055 543 3094 mea
555 3035 663 3111 pagina
676 3036 764 3096 diras.

139 3133 287 3198 Eventum
302 3134 411 3196 formae
424 3135 502 3196 disce
515 3134 619 3194 timere
633 3138 711 3194 tuae.
