2122 3728
315 229 533 288 PROPERTII
553 231 614 289 EL.
637 231 662 304 Ι,
680 236 706 288 8.
723 237 751 288 9.
926 236 958 288 11

111 386 375 447 Necmihirivalis
388 389 482 447 certos
497 388 636 447 subducet
650 407 769 447 amores.
925 393 962 445 45

151 487 215 546 Ista
227 505 322 545 meam
333 486 413 545 norit
426 485 519 560 gloria
532 487 678 548 canitiem.

515 683 557 722 1x.

112 785 251 845 Dicebam
264 783 321 844 tibi
332 787 481 857 venturos,
495 784 605 858 irrisor,
620 806 740 862 amores,

152 884 182 943 N
182 903 215 942 eo
227 883 285 943 tibi
297 886 439 959 perpetuo
452 883 545 942 libera
557 886 646 944 verba
658 884 721 944 iore
733 906 740 943 ε

113 982 188 1041 Ecce
201 982 278 1041 iaces
291 983 476 1060 supplexque
488 983 572 1042 venis
585 983 622 1041 ad
634 983 700 1043 iura
711 984 837 1060 puellae,

152 1083 193 1140 Et
205 1081 262 1140 tibi
274 1100 353 1140 nunc
366 1081 486 1157 quaevis
497 1081 622 1158 imperat
634 1086 732 1159 empta
744 1084 837 1143 modo.

116 1186 244 1264 NonAme
258 1185 403 1244 Chaoniae
416 1185 537 1245 vincant
550 1185 582 1244 in
596 1206 692 1246 amore
706 1188 854 1246 columbae
947 1192 964 1243 5

153 1286 267 1358 Dicere,
283 1305 356 1362 quos
368 1284 489 1345 iuvenes
502 1305 635 1363 quaeque
647 1288 747 1364 puella
759 1288 865 1348 domet.

115 1388 165 1445 Me
178 1387 260 1445 dolor
274 1388 304 1444 et
316 1386 453 1444 lacrimae
465 1387 569 1445 merito
582 1386 676 1446 iecere
688 1387 832 1464 peritum:

154 1486 254 1562 Atque
266 1484 382 1543 utinam
394 1484 488 1561 posito
502 1484 582 1543 dicar
594 1504 690 1544 amore
703 1486 802 1544 rudis!

117 1584 195 1649 Quid
206 1582 263 1643 tibi
276 1602 355 1642 nunc
368 1583 472 1642 misero
484 1583 603 1660 prodest
616 1603 703 1658 grave
717 1584 812 1643 dicere
825 1604 939 1642 carmen

154 1682 219 1741 Aut
232 1681 426 1758 Ammrioniae
438 1681 553 1739 moenia
565 1681 635 1741 flere
647 1681 753 1759 lyrae?
928 1687 963 1740 10

117 1781 187 1838 Plus
199 1780 232 1839 in
246 1800 342 1839 amore
354 1779 435 1839 valet
447 1780 730 1839 Mimnerminersns
742 1780 869 1839 Homero
882 1803 888 1838 :

156 1879 292 1938 Carmina
303 1882 474 1937 mansuetus
486 1879 565 1938 lenia
579 1879 696 1955 quaerit
708 1880 807 1937 Amor.

118 1979 136 2036 I
150 1998 257 2055 quaeso
271 1981 301 2037 et
314 1977 407 2037 tristis
420 1977 493 2037 istos
506 1979 613 2054 depone
625 1978 749 2049 libellos,

156 2079 196 2138 Et
209 2097 279 2137 cane
292 2077 370 2155 quod
384 2077 503 2154 quaevis
516 2097 600 2136 nosse
612 2077 712 2153 puella
725 2077 808 2136 velit.

118 2177 195 2242 Quid
208 2176 305 2235 sinon
318 2180 393 2235 esset
405 2176 500 2236 facilis
511 2177 568 2236 tibi
581 2177 684 2253 copia?
703 2197 781 2236 nunc
795 2182 829 2237 tu
931 2183 964 2235 15

156 2275 282 2333 Insanus
294 2274 389 2333 medio
402 2275 522 2334 flumine
536 2275 651 2352 quaeris
665 2296 779 2353 aquam.

116 2373 248 2432 Necdum
261 2373 349 2433 etiam
361 2375 462 2451 palles,
476 2395 546 2435 vero
558 2395 612 2434 neo
625 2376 753 2450 tangeris
765 2375 828 2450 igni
840 2397 846 2433 :

156 2473 238 2531 Haec
252 2476 297 2531 est
310 2473 428 2532 venturi
440 2473 535 2550 prima
543 2473 646 2533 favilla
658 2475 737 2534 mali.
832 2469 833 2472 '

118 2571 193 2630 'lum
205 2573 298 2649 magis
310 2573 463 2633 Armenias
476 2575 575 2651 cupies
588 2577 721 2635 accedere
734 2575 824 2649 tigres

158 2671 198 2730 Et
209 2671 302 2747 magis
315 2671 446 2732 infernae
458 2673 578 2732 vincula
590 2694 674 2733 nosse
686 2677 777 2745 rotae,
931 2676 968 2727 20

119 2767 213 2833 (luam
225 2769 310 2846 pueri
323 2771 432 2829 totiens
445 2790 544 2830 arcum
557 2772 664 2831 sentire
677 2770 813 2830 medullis

158 2868 198 2926 Et
210 2867 287 2926 nihil
298 2867 391 2941 iratae
403 2888 487 2945 posse
500 2889 605 2944 negare
618 2873 697 2943 tuae.

119 2965 229 3026 Nullus
242 2967 333 3026 Amor
346 2966 483 3045 cuiqnam
495 2968 596 3028 faciles
609 2969 652 3028 ita
664 2968 801 3046 praebuit
813 2968 882 3040 alas,

158 3065 202 3125 Ut
213 3084 273 3124 non
286 3066 399 3125 alterna
411 3067 548 3143 presserit
560 3067 612 3126 ille
625 3087 723 3125 mauu.

119 3162 226 3223 Necte
240 3165 375 3241 decipiat,
393 3165 471 3242 quod
484 3167 523 3226 sit
537 3166 606 3225 satis
619 3166 672 3224 illa
684 3166 802 3241 parata:
934 3167 970 3219 25

161 3262 266 3321 Acrius
278 3262 332 3321 illa
345 3263 433 3336 subit,
449 3263 579 3335 Pontico,
596 3264 621 3322 si
634 3282 693 3340 qua
706 3265 758 3320 tua
772 3264 834 3333 est,

123 3359 237 3438 Quippe
251 3361 302 3420 ubi
316 3381 375 3420 non
388 3362 477 3422 liceat
489 3381 598 3422 vacuos
612 3361 749 3420 seducere
763 3359 876 3431 ocellos,
