2122 3728
255 216 642 292 raornarrrru.111,
667 225 713 279 16.
737 222 783 280 17.
915 222 952 282 aa

99 371 239 449 Quisquis
252 378 365 434 amator
378 375 445 448 erit,
466 375 611 454 Scythicis
624 376 695 436 licet
711 379 842 438 ambulet
856 379 930 438 oris:
947 387 949 392 '

137 472 230 530 Nemo
244 473 325 546 adeo,
340 476 376 533 ut
388 478 500 547 noceat,
516 476 657 534 barbarus
671 495 733 534 esse
746 477 834 535 volet.

99 573 184 632 Luna
196 574 347 634 ministrat
358 575 425 646 iter,
441 576 644 635 demonstrant
657 580 735 636 astra
749 578 884 649 salebras,
916 582 951 636 15

135 676 204 751 lpse
218 677 309 735 Amor
322 697 456 736 accensas
469 678 600 754 percutit
615 683 682 737 ante
697 678 788 750 faces,

100 774 193 834 Saeva
205 795 311 834 canum
323 776 417 835 rabies
431 796 544 834 morsus
559 777 668 836 avertit
680 777 809 838 hiantis:

138 873 218 932 Huic
232 875 332 950 generi
345 876 450 952 quovis
461 879 592 952 tempore
605 879 673 935 tuta
685 876 735 934 via
748 880 802 936 est.

101 973 248 1048 Sanguine
261 978 323 1032 tam
335 994 425 1050 parvo
440 975 506 1052 quis
520 974 599 1034 enim
613 978 768 1051 spargatur
781 975 905 1035 amantis

140 1072 320 1148 Improbns?
341 1072 469 1132 exclusis
482 1073 518 1132 fit
532 1093 625 1131 comes
637 1073 703 1149 ipsa
715 1074 824 1132 Venus.
914 1079 952 1132 20

102 1169 186 1234 Quod
200 1171 224 1228 si
238 1174 318 1230 certa
330 1190 409 1230 meos
423 1175 617 1248 sequerentur
628 1171 735 1231 funera
747 1191 839 1244 casus,

140 1270 219 1328 Talis
232 1290 310 1329 mors
323 1271 418 1347 pretio
432 1272 481 1330 vel
495 1271 534 1330 sit
548 1271 669 1329 emenda
682 1270 766 1329 mihi.

100 1367 214 1427 Afferet
227 1370 295 1428 hooc
308 1374 461 1445 unguenta
474 1370 548 1427 mihi
562 1369 705 1446 sertisque
720 1369 886 1445 sepulcrum

141 1467 264 1527 Ornabit
278 1473 375 1527 custos
389 1469 425 1527 ad
438 1489 502 1527 mea
515 1471 603 1528 busta
617 1470 728 1527 sedens.

101 1565 141 1622 Di
152 1565 272 1638 faciant,
287 1587 352 1625 mea
365 1587 402 1626 ne
415 1572 494 1627 terra
507 1568 584 1626 locet
597 1588 661 1625 ossa
673 1566 832 1644 frequenti,
914 1573 952 1626 25

141 1664 207 1729 Qua
219 1664 292 1724 facit
305 1665 420 1724 assiduo
433 1665 553 1725 tramite
566 1666 674 1740 vulgus
686 1665 753 1724 iter.

101 1765 171 1826 Post
184 1768 308 1824 mortem
320 1767 430 1824 tumuli
444 1766 485 1824 sic
498 1766 682 1824 infamantur
694 1767 852 1825 amantum.

140 1864 189 1923 Me
202 1867 286 1938 tegat
299 1865 419 1922 arborea
431 1863 516 1922 deria
528 1866 608 1922 terra
621 1883 710 1936 coma,

101 1964 165 2021 Aut
176 1963 281 2021 humer
292 1962 410 2038 ignotae
424 1964 558 2023 cumulas
570 1963 700 2021 vallatus
712 1963 848 2023 harenae.

140 2062 350 2122 Noniuvatin
363 2062 459 2121 media
471 2081 579 2121 nomen
591 2062 699 2122 habere
712 2061 770 2121 via.
914 2067 951 2120 30

487 2251 563 2292 xm.

103 2350 133 2407 N
133 2369 199 2423 unc,
216 2370 233 2409 o
246 2351 369 2422 Bacche,
384 2351 446 2409 tuis
458 2351 585 2410 humiles
598 2350 781 2412 advolvimur
794 2351 869 2410 aris:

144 2448 190 2507 Da
202 2448 277 2506 mihi
289 2453 392 2525 pacato
405 2450 472 2508 vela
485 2450 620 2522 secunda,
637 2454 730 2525 pater.

101 2547 148 2605 'l'u
160 2551 243 2623 potes
255 2548 374 2607 insanae
387 2548 510 2609 Veneris
523 2567 702 2625 compescere
714 2548 818 2622 fastus,

142 2645 342 2723 Ourarumque
355 2649 407 2705 tuo
421 2648 457 2706 fit
469 2646 612 2705 medicina
624 2666 712 2705 mero.

101 2744 157 2803 Per
170 2749 201 2803 te
214 2745 389 2820 iunguntur,
403 2765 456 2821 per
469 2749 499 2803 te
514 2746 668 2803 solvuntur
681 2751 829 2804 amantes:
934 2751 950 2800 5

143 2843 188 2900 Tu
201 2843 309 2901 vitium
323 2863 360 2901 ex
375 2843 470 2901 animo
484 2843 573 2915 dilue,
589 2842 712 2912 Bacche,
728 2862 801 2900 meo.

102 2947 143 3005 Te
157 2966 274 3023 qnoque
288 2946 366 3005 enim
379 2966 438 3004 non
452 2965 513 3005 esse
526 2946 628 3005 rudem
641 2948 769 3003 testatur
781 2945 813 3003 in
826 2946 912 3005 astris

141 3045 291 3122 Lyncibus
305 3045 342 3104 ad
355 3045 468 3103 caelum
481 3046 566 3103 vecta
579 3044 710 3104 Ariadna
722 3043 792 3101 tuis.

100 3143 166 3202 Hoc
179 3143 262 3217 mihi,
278 3144 357 3221 quod
370 3147 483 3203 veteres
497 3142 625 3202 custodit
637 3141 670 3199 in
682 3140 795 3200 ossibus
808 3142 900 3218 ignes,

141 3244 257 3304 Funera
271 3246 417 3303 sanabunt
430 3247 482 3302 ant
495 3246 548 3301 tua
561 3244 630 3303 vina
644 3243 764 3301 malum.
916 3249 950 3302 10

104 3343 225 3420 Semper
239 3343 316 3403 enim
330 3363 436 3403 vacuos
449 3362 509 3400 nox
524 3343 618 3401 sobria
631 3343 751 3418 torquet
765 3345 903 3415 amantes,

518 3460 541 3497 n
