2122 3728
306 239 524 300 PROPERTII
544 240 604 299 EL.
620 240 675 313 IV,
700 243 745 298 11.
896 242 950 298 137

139 396 265 475 Turpior
278 418 391 458 assessu
404 418 465 459 non
477 399 696 471 eritnllameo,
914 402 951 456 50

100 496 156 555 Vel
168 499 212 570 tu,
229 517 305 575 quae
318 498 432 557 tardam
445 496 564 558 movisti
575 497 648 557 inne
662 496 808 575 Cybeben,
835 514 843 524 ·

139 594 269 670 Claudia,
285 596 411 656 turritae
423 616 490 656 rara
502 596 637 656 ministrs
649 596 729 669 (1555,

100 694 156 753 Vel
170 695 226 768 cui,
243 695 408 756 commissos
421 716 489 755 cum
501 696 593 756 Vesta
605 698 770 772 reposceret
781 692 874 770 ignes,

138 793 286 854 Exhibuit
298 794 383 854 vivos
396 797 533 855 carbasus
546 796 613 854 5155
625 793 714 854 iocos.

99 891 161 950 Neo
174 896 213 966 te,
230 892 315 952 dulce
329 897 427 970 caput,
443 896 537 953 mater
551 892 709 966 Scribonia,
724 892 814 952 laesi:
913 895 950 949 55

138 990 178 1049 11
190 1011 237 1050 me
250 994 398 1052 mutatum
412 992 485 1070 quid
497 991 555 1051 nisi
568 991 631 1053 iata
644 992 741 1052 velis?

99 1089 242 1150 Maternis
254 1091 359 1149 laudor
373 1090 501 1150 lacrimis
514 1090 655 1168 urbisque
668 1088 817 1168 querellis,

138 1189 267 1250 Defensa
280 1193 311 1249 et
325 1190 437 1265 gemitu
451 1189 581 1249 (laeseris
595 1209 658 1249 5555
671 1209 745 1249 mea.

100 1289 158 1349 Ille
172 1292 308 1349 5151555
321 1289 441 1365 dignam
454 1288 564 1350 vixisse
578 1308 705 1348 sororem

139 1389 287 1465 Increpat,
303 1392 334 1449 55
346 1389 480 1448 lacrimas
492 1388 621 1448 vidimus
633 1386 677 1446 ire
690 1387 763 1446 Deo.
914 1392 951 1445 60

101 1486 140 1548 Ε5
153 1491 253 1547 tamen
266 1487 377 1547 emerui
391 1506 545 1563 generosos
558 1484 648 1546 vestis
661 1487 794 1561 honores,

137 1587 167 1645 N
168 1606 201 1646 eo
214 1606 279 1646 mea
292 1587 328 1645 de
342 1586 437 1645 sterili
449 1586 530 1646 15555
542 1585 646 1663 rapina
659 1585 754 1644 domo.

100 1685 154 1758 Tu,
171 1685 289 1763 Lepide,
305 1688 336 1745 et
348 1688 393 1758 tu,
409 1685 522 1758 Paulle,
537 1705 636 1744 meum
653 1688 720 1762 post
732 1683 796 1744 lats
807 1684 949 1755 levamen,

139 1784 263 1845 Condita
276 1788 347 1846 sunt
359 1789 456 1846 vestro
469 1785 583 1844 lumina
595 1787 696 1844 nostra
709 1783 787 1845 5111.

100 1883 234 1943 Vidimus
248 1883 415 1944 5511551511
428 1884 531 1943 sellam
544 1884 704 1958 geminasse
718 1882 858 1955 curulem,
914 1885 952 1939 65

139 1983 265 2043 Consule
279 2003 337 2061 quo
350 1983 438 2057 15555,
454 1987 585 2061 tempore
599 1985 684 2060 repta
698 2001 785 2042 soror.

100 2080 184 2154 Filia,
199 2084 235 2142 tu
248 2081 397 2159 specimen
410 2101 549 2142 censurae
561 2084 632 2142 nata
644 2085 792 2159 paternae,

138 2179 197 2240 Fac
209 2184 312 2241 551555
325 2195 420 2240 unum
432 2201 485 2240 nos
498 2180 615 2241 11115555
626 2181 734 2252 virum,

99 2278 139 2337 Et
151 2278 226 2338 seris
239 2265 344 2338 1115155
358 2299 469 2354 genus:
490 2279 564 2339 mihi
578 2281 682 2358 cymba
694 2279 807 2339 volenti

139 2377 271 2438 Solvitur
284 2376 415 2437 51551115
428 2381 475 2438 tot
487 2378 628 2438 11551555
640 2377 719 2438 meis.
912 2378 949 2436 70

99 2476 181 2536 Haec
194 2480 240 2537 est
251 2476 374 2536 feminei
386 2496 495 2536 merces
510 2481 643 2538 extreme
655 2477 809 2554 triumphi,

137 2577 253 2637 Laudat
265 2576 318 2637 ubi
332 2576 486 2636 emeritum
498 2576 592 2636 libera
604 2577 684 2636 15115
696 2595 808 2651 rogum.

100 2673 185 2734 Nunc
194 2675 252 2736 tibi
265 2675 433 2735 commendo
446 2673 610 2734 communia
622 2675 744 2753 pignora
756 2677 857 2734 natos:

88 2800 92 2808 ·
138 2774 220 2834 Haec
233 2793 305 2835 cura
318 2776 348 2834 55
358 2773 449 2833 cineri
463 2774 555 2850 spirat
567 2774 667 2833 inusta
679 2792 753 2831 meo.

100 2871 234 2948 Fungere
247 2871 388 2932 maternis
400 2871 523 2945 vicibus,
538 2875 643 2948 peter:
663 2871 717 2930 illa
729 2889 860 2930 meorum
913 2870 949 2928 75

138 2970 239 3030 Omnis
252 2969 310 3030 5115
323 2969 397 3028 55115
409 2970 498 3029 turba
508 2969 630 3029 ferenda
641 2971 704 3028 tuo.

100 3068 205 3130 Oscula
219 3089 286 3129 cum
299 3067 413 3128 dederis
425 3072 479 3128 515
491 3068 639 3142 flentibus,
656 3067 737 3127 adico
750 3064 870 3128 matris:

138 3167 212 3228 Tota
224 3168 327 3226 domus
341 3166 437 3244 coepit
449 3186 529 3226 nunc
542 3186 615 3227 onus
629 3185 691 3227 esse
703 3169 798 3226 tuum.

99 3266 139 3326 Et
152 3266 178 3326 si
191 3266 264 3346 quid
275 3266 422 3326 doliturus
435 3266 501 3341 eris,
517 3266 580 3327 5115
592 3265 724 3328 testibus
731 3264 801 3325 11115
807 3286 821 3322 ·.

135 3366 205 3424 0111
220 3364 350 3439 venient,
367 3364 454 3429 siccis
467 3369 576 3430 oscula
586 3367 666 3430 15115
679 3363 781 3444 55115.
949 3353 996 3400 ffi
