2122 3728
154 232 211 286 126
367 222 588 282 PROPERTII
610 223 672 281 EL.
695 224 752 297 IV,
778 227 807 284 7.

151 386 194 444 At
206 383 280 442 mihi
292 402 351 440 non
364 382 462 440 oculos
475 381 632 458 quisquam
645 381 821 442 inclamavit
835 385 931 444 euntis
946 405 954 442 t

191 485 291 543 Unum
303 483 504 558 impetrassem
517 484 547 539 te
561 486 721 539 revocante
735 483 825 541 diem.

152 584 214 642 Nec
228 581 343 658 crepuit
355 581 424 638 fissa
435 599 482 637 me
496 583 617 655 propter
630 581 776 639 arundine
792 588 900 655 custos,
972 588 1000 640 25

191 682 290 740 Laesit
304 683 334 738 et
348 678 494 737 obiectum
506 679 609 752 tegula
623 683 710 737 curta
724 686 827 756 caput.

152 779 287 855 Denique
301 777 368 855 quis
381 780 480 835 nostro
495 796 618 835 curvum
632 779 663 834 te
676 776 785 836 funere
799 778 886 849 vidit,

191 882 295 938 Atram
308 877 376 954 quis
388 875 516 935 lacrimis
528 876 687 934 incaluisse
701 878 829 950 togam?

152 978 184 1036 Si
197 977 295 1053 piguit
308 978 407 1052 portas
421 975 501 1032 ultra
514 975 679 1049 procedere,
697 980 729 1033 at
742 976 818 1035 illuc

191 1075 330 1133 Iussisses
342 1075 454 1132 lectum
466 1073 577 1131 lentius
590 1072 633 1131 ire
647 1094 757 1132 meum.
971 1079 1000 1132 30

153 1175 212 1233 Cur
225 1177 328 1231 ventos
341 1191 400 1230 non
413 1171 475 1247 ipse
488 1170 574 1244 rogis,
591 1171 717 1246 ingrate,
734 1173 867 1248 petisti?

193 1273 252 1331 Cur
265 1272 355 1329 nardo
368 1270 502 1328 flammae
515 1289 575 1328 non
588 1271 689 1327 oluere
703 1272 810 1330 meae?
859 1309 863 1317 .

152 1372 218 1429 Hoc
230 1371 322 1429 'etiam
336 1388 423 1443 grave
437 1371 508 1439 erat,
524 1367 609 1425 nulla
622 1369 757 1427 mercede
771 1370 947 1448 hyacinthos

192 1469 308 1528 Inicere
322 1471 352 1525 et
364 1466 459 1524 fracto
472 1467 561 1525 busta
574 1465 656 1541 piare
671 1467 753 1526 cado.

151 1569 321 1646 Lygdamus
333 1571 447 1635 uratur,
464 1563 619 1622 candescat
633 1565 746 1624 lamina
760 1586 892 1626 vernae:
971 1572 1000 1624 35

193 1665 278 1725 Sensi
292 1683 354 1738 ego,
370 1682 436 1721 oum
450 1662 566 1720 insidiis
578 1663 690 1738 pallida
703 1663 776 1723 vina
789 1666 854 1725 bibi
867 1689 874 1724 :

152 1767 216 1824 Aut
229 1764 338 1822 Nomas
352 1781 470 1820 arcanas
483 1760 570 1820 tollat
582 1764 706 1819 versuta
719 1763 831 1823 salivas
844 1787 851 1824 :

191 1864 278 1922 Dicet
291 1863 441 1920 damnatos
454 1860 541 1934 ignea
553 1863 632 1918 testa
645 1880 761 1920 manus.

153 1963 234 2027 Quae
248 1962 332 2019 modo
345 1960 485 2035 perviles
498 1960 630 2034 inspecta
644 1964 688 2018 est
702 1963 827 2037 puplica
841 1969 948 2036 noctes,

192 2063 273 2119 Haec
287 2079 366 2117 nunc
381 2062 482 2116 aurata
497 2059 615 2135 cyclade
630 2058 729 2132 signat
743 2062 881 2135 humum,
972 2067 1002 2119 40

55 2159 59 2169 “
152 2161 193 2217 Et
207 2160 340 2234 graviora
353 2157 489 2233 rependit
502 2156 614 2232 iniquis
625 2175 718 2231 pensa
733 2160 881 2233 quasillis,

192 2258 317 2316 Garrula
330 2258 365 2314 dc
378 2256 453 2314 facie
468 2256 492 2313 si
507 2277 566 2332 qua
579 2256 679 2313 locuta
693 2276 759 2314 meo
774 2263 838 2316 est:

152 2357 318 2432 Nostraque
332 2356 410 2432 quod
420 2356 521 2413 Petale
535 2355 607 2413 tulit
621 2356 657 2412 ad
670 2356 856 2417 monimenta
871 2380 991 2429 coronas,

192 2457 305 2515 Codicis
319 2455 464 2512 immundi
477 2455 599 2512 vincula
613 2454 704 2512 sentit
718 2475 812 2515 auus:

154 2557 292 2616 Caeditur
305 2561 336 2614 et
349 2556 456 2629 Lalage
471 2555 557 2612 tortis
571 2574 711 2630 suspensa
725 2557 852 2631 capillis,
970 2564 1002 2614 45

192 2658 249 2714 Per
262 2675 368 2712 nomen
382 2653 520 2730 quoniam
534 2659 579 2711 est
593 2673 663 2711 ausa
677 2674 781 2727 rogare
796 2677 905 2716 meum.

154 2757 195 2815 To
208 2756 338 2830 potiente
352 2773 432 2811 mcae
447 2753 586 2811 conflavit
599 2751 737 2825 imaginis
752 2773 867 2826 aurum,

193 2857 347 2912 Ardentem
361 2873 376 2910 e
389 2854 488 2910 nostro
502 2851 600 2908 dotem
614 2850 753 2908 habitura
767 2873 849 2926 rogo.

154 2955 221 3011 Non
234 2958 334 3011 tamen
346 2951 481 3019 insector,
498 2949 633 3026 quamvis
646 2969 785 3021 mereare,
802 2954 954 3030 Properti:

194 3052 295 3123 Longa
307 3069 371 3107 moa
383 3050 415 3106 in
429 3048 512 3105 libris
525 3067 617 3120 regna
628 3046 712 3105 luere
726 3049 796 3108 tuis.
969 3056 1001 3108 50

154 3151 224 3206 Iuro
240 3169 291 3222 ego
306 3149 446 3206 Fatorum
459 3145 536 3203 nulli
549 3145 711 3203 revolubile
725 3165 852 3220 carmon,

193 3251 441 3324 'l'ergeminusque
456 3247 534 3305 canis
549 3246 589 3303 sic
603 3245 675 3302 mihi
690 3247 778 3304 molle
796 3254 889 3321 sonet,

146 3349 198 3410 llo
212 3369 344 3411 servasse
359 3348 459 3408 fidem.
500 3346 536 3403 Si
547 3344 633 3413 lullo,
644 3344 750 3414 sisara
758 3350 870 3400 uostris
