2122 3728
382 246 506 305 LIBER
526 248 589 306 III.
826 269 912 308 xxxv

100 408 128 461 9.
151 403 199 460 27.
221 401 341 479 effeeiem
354 402 431 463 libri.
454 404 578 482 effeetum
591 406 758 478 Beroaldus,
775 406 908 479 Guietus,

56 502 211 561 Heinsius,
626 510 654 564 9.
677 510 724 562 33.
745 507 819 564 eiete
832 506 870 564 N.

54 660 58 666 ,
99 606 127 659 9.
151 606 199 659 35.
221 601 284 659 Om.
297 601 335 661 N.
346 604 376 660 et
388 601 512 661 fortasse
522 604 707 680 archetypus.
732 605 907 682 Nsmfimdb,

56 700 214 772 trochaice,
231 720 334 774 graves
347 701 526 777 suspiciones
539 707 648 762 movet.

100 803 128 855 9.
152 803 199 858 36.
223 800 293 857 Tute
305 799 384 858 libri.
616 806 642 861 9.
666 802 713 861 37.
729 803 817 878 phebe
831 803 869 863 N.

101 901 129 954 9.
152 902 199 955 38.
220 917 324 972 semper
357 898 394 957 N.
436 905 537 974 sepiem
569 901 601 958 H
630 902 730 976 vulgo.
786 902 910 961 Retineo

57 1016 172 1072 semper.
216 998 312 1057 “Non
332 1019 433 1058 canam
452 1001 564 1059 bellum
587 1001 785 1077 Epigonorum
809 1006 910 1060 eontra

58 1096 183 1168 Thebas,
200 1100 231 1155 et
239 1098 349 1173 praelia
359 1119 418 1157 non
431 1119 544 1176 semper
555 1100 635 1158 olade
648 1101 712 1176 pari
722 1105 759 1159 ut
771 1101 803 1158 in
814 1101 910 1176 priore

57 1194 167 1255 bello.''
188 1195 253 1254 Hoo
270 1216 318 1254 mee
328 1198 471 1273 Propertii
478 1198 628 1274 proprium
636 1199 844 1258 utnihilaliud
855 1204 908 1258 est.

100 1299 128 1350 9.
151 1299 198 1351 44.
220 1295 288 1353 iure
304 1294 382 1367 libri,
397 1299 516 1370 propter
534 1301 561 1354 2.
578 1302 625 1354 34.
642 1302 689 1355 44.
738 1299 813 1356 Dore
834 1299 910 1356 Sori-

59 1392 168 1465 verius,
183 1393 225 1452 H.
268 1395 319 1453 Cbe
332 1395 500 1466 Beroaldus,
520 1399 599 1454 reete
619 1396 729 1472 opinor.
776 1397 826 1454 Coe
841 1401 909 1455 ante

53 1511 109 1566 poe
122 1491 233 1551 excidit
247 1492 318 1570 (nisi
330 1493 422 1551 mavis
434 1494 569 1560 Pselem-
594 1494 631 1552 ei.
648 1499 675 1552 3.
694 1499 719 1552 1.
739 1493 780 1571 1).

101 1593 129 1647 9.
152 1595 200 1647 45.
221 1596 321 1649 ommi
335 1591 416 1670 (bis),
431 1592 509 1650 libri.

102 1692 130 1746 9.
153 1693 201 1746 48.
214 1689 329 1765 flepreis
336 1689 375 1748 N.
397 1691 574 1749 eremodmmie
581 1690 611 1747 N
613 1733 620 1747 .
640 1691 856 1765 Eurymedonta,
867 1690 908 1747 H.
964 1706 966 1710 ’

101 1793 128 1849 9.
152 1793 200 1847 55.
215 1788 326 1862 pelusii
337 1788 375 1849 N.
523 1794 549 1847 9.
573 1794 620 1846 56.
642 1789 817 1864 Amtmiiqme
830 1788 869 1846 N.

101 1891 128 1944 9.
152 1886 199 1945 57.
214 1887 310 1962 secter
323 1888 362 1947 N.

103 1990 159 2044 10:
174 1991 200 2045 1.
221 1987 361 2044 misissent
374 1986 412 2059 N,
427 1987 468 2044 H.
499 1987 555 2045 Sed
568 1988 706 2045 misissent
719 2006 778 2044 non
791 1987 911 2063 praebet

60 2085 242 2142 commodum
262 2104 385 2158 sensum,
409 2089 440 2144 et
452 2087 549 2145 misere
569 2085 669 2144 statim
688 2085 821 2145 reourrit.
864 2085 911 2143 Vi-

60 2184 161 2242 sissmt
172 2183 323 2256 Heinsius,
339 2185 417 2261 quod
430 2185 504 2242 mihi
517 2205 634 2262 quoque
647 2185 758 2243 illuxit.

103 2287 149 2340 10.
173 2288 200 2339 6.
219 2284 308 2341 Pouet
321 2283 360 2342 N.
388 2284 530 2344 mimeeN.
558 2289 602 2341 10.
626 2288 653 2342 8.
675 2283 765 2343 Niobe
777 2283 815 2355 N,
827 2283 869 2342 H.

104 2386 149 2440 10.
174 2382 220 2454 17,
245 2387 291 2443 18.
323 2403 379 2442 om.
412 2384 461 2443 N:
496 2385 681 2460 quamobrem
714 2381 777 2458 ipse
817 2382 908 2440 vides.

63 2479 358 2557 mmmmm

102 2584 149 2638 11.
173 2585 200 2638 5.
229 2581 378 2640 l⁷emtueem
400 2581 478 2640 libri.
533 2580 611 2681 ‘Nili
633 2582 742 2639 meiere
763 2601 778 2639 e
799 2580 909 2639 coniec-

59 2685 128 2740 tura
140 2681 277 2758 discipuli
290 2682 432 2759 amicique
446 2644 606 2743 meiiff'T.
624 2681 802 2740 Lendrumii.
847 2683 909 2739 Iue-

62 2785 126 2838 tmu
145 2780 178 2837 in
192 2782 328 2839 meterem
349 2783 483 2856 eonupto
504 2781 544 2858 (m
558 2780 636 2839 enim
650 2779 796 2857 sequitur)
817 2780 910 2837 scriba

60 2878 112 2935 illo
132 2883 276 2937 emiseram
296 2899 348 2937 nos
367 2879 482 2938 ditavit.
505 2884 617 2938 mertem
630 2878 676 2937 N:
699 2883 801 2936 moeiem
824 2878 906 2949 Itali,

60 2977 272 3050 Lachmannus,
287 2978 329 3038 H.

103 3081 148 3134 ll.
173 3075 219 3136 17.
247 3078 377 3152 Oemimle
390 3078 428 3150 N,
444 3078 485 3137 H.
526 3078 660 3136 Ieremia
681 3077 726 3134 ed.
768 3077 910 3152 Omphale

62 3174 123 3231 filia
136 3174 256 3233 Iardani
268 3175 336 3234 fuit.
379 3176 423 3234 cf.
438 3176 510 3234 Her.
528 3182 545 3233 9
561 3199 567 3234 :
592 3177 629 3234 Se
643 3194 759 3251 quoque
780 3175 910 3251 nympha

61 3272 122 3330 tuis
138 3274 272 3334 oneravit
285 3276 417 3333 Iardanis
431 3276 527 3333 armis.
574 3273 704 3349 Omphale
725 3273 784 3331 iuit
804 3274 908 3347 glossa,

64 3372 214 3436 Quantum
233 3381 310 3434 amet
328 3376 497 3452 Propertius
515 3376 639 3436 feminas
653 3365 789 3451 antiquas
805 3375 910 3449 πατρό-
