2122 3728
309 221 735 296 raornarnnn.1v,a
883 228 951 283 '115

23 411 25 416 ·
96 379 220 453 Dignior
232 379 355 456 >obliquo
367 379 471 438 funem
484 379 536 456 qui
549 375 688 457 torqueat
702 379 781 439 Ocno

134 478 341 555 Aeternnsque
353 481 436 536 tuam
449 481 557 554 pascat,
574 478 672 550 aselle,
688 478 805 537 famem.

31 640 43 667 ·
97 578 151 637 Dic
164 578 247 651 mihi,
263 599 333 637 aum
347 582 464 645 teneros
477 579 539 637 urit
553 579 643 637 lorica
656 580 803 638 lacertos?

137 677 217 736 Num
232 678 329 752 gravis
341 677 476 736 imbelles
489 678 592 736 atterit
604 679 691 736 hasta
704 679 833 738 manus?

99 776 180 835 Haec
193 780 318 835 noceant
331 776 438 852 potius,
455 796 544 852 quarn
558 777 696 835 dentibus
708 764 772 835 ulla
784 780 885 853 puella
912 785 949 836 25

138 876 197 934 Det
210 874 284 933 mihi
296 876 451 951 plorandas
463 895 516 951 per
529 879 582 933 tua
596 876 670 933 colla
683 880 777 937 notas.

99 973 211 1033 Diceris
225 978 255 1032 et
267 974 359 1032 macie
372 974 490 1032 vultum
503 976 657 1032 tenuasse:
679 975 730 1032 sed
743 979 820 1051 opto,

138 1073 164 1131 E
177 1072 318 1131 desiderio
332 1073 371 1131 sit
385 1074 463 1131 color
475 1073 531 1131 iste
545 1092 618 1130 meo.

98 1174 141 1229 At
153 1172 226 1229 mihi
240 1192 306 1230 cum
320 1175 420 1230 noctes
433 1171 553 1230 induxit
567 1173 679 1248 Vesper
692 1193 811 1245 amaras,

138 1269 170 1328 Si
184 1290 243 1346 qua
255 1271 358 1329 relicta
370 1270 475 1342 iacent,
492 1272 605 1329 osculor
618 1291 698 1329 arma
710 1275 771 1330 tua.
913 1278 950 1331 30

99 1367 173 1426 Tum
187 1387 294 1445 queror
306 1367 339 1426 in
352 1372 414 1427 toto
428 1388 487 1426 non
503 1369 595 1427 sidere
608 1369 699 1445 pallia
711 1370 797 1441 lecto,

137 1467 224 1525 Lucis
239 1471 269 1526 et
283 1471 415 1526 auctores
431 1486 490 1525 non
504 1467 573 1525 dare
589 1487 704 1525 carmen
719 1487 797 1528 aves.

98 1565 240 1625 Noctibus
253 1565 385 1643 hibernis
399 1566 557 1625 castrensia
568 1585 659 1642 pensa
671 1566 770 1625 laboro

137 1666 177 1723 Et
190 1665 280 1743 Tyn‘a
292 1666 325 1723 in
337 1665 435 1724 radios
448 1666 558 1724 vellera
572 1670 650 1722 secta
664 1684 740 1723 suos.

98 1764 138 1822 Et
151 1764 237 1836 disco,
255 1784 314 1841 qua
326 1768 410 1840 parte
424 1764 498 1822 fluat
511 1764 671 1821 vincendus
684 1765 807 1838 Araxes,
913 1769 948 1821 35

138 1861 216 1927 Quot
230 1861 291 1921 sine
306 1883 382 1939 aqua
395 1862 523 1921 Parthus
536 1862 619 1920 milia
633 1866 732 1921 currat
746 1882 826 1938 equs.

99 1961 190 2035 Cogor
204 1965 234 2020 et
248 1982 263 2039 e
277 1963 378 2021 tabula
391 1961 485 2037 pictos
499 1962 626 2020 ediscere
639 1962 771 2045 mundos,

138 2060 239 2125 Qualis
253 2066 284 2119 et
295 2063 368 2119 haec
381 2061 461 2118 docti
475 2043 515 2120 sit
527 2060 659 2137 positura
672 2060 728 2131 dei,

98 2157 179 2223 Quae
192 2161 282 2218 tellus
296 2160 335 2218 sit
347 2161 430 2217 lenta
444 2161 521 2233 gelu,
538 2179 612 2236 quae
625 2159 722 2234 putris
736 2161 772 2217 ab
786 2162 878 2231 aestu,

137 2259 251 2317 Ventus
265 2259 298 2317 in
311 2260 431 2317 ltaliam
445 2259 497 2335 qui
511 2260 585 2318 bene
598 2259 665 2317 vela
677 2259 763 2317 ferat.
912 2264 949 2318 40

97 2356 216 2416 Assidet
229 2378 290 2415 una
304 2377 390 2430 soror,
408 2358 485 2417 curis
499 2363 530 2441 et
542 2358 653 2434 pallida
665 2357 770 2416 nutrix

137 2456 252 2516 Peierat
264 2457 381 2516 hiberni
394 2440 538 2538 temportp
553 2477 613 2515 esse
627 2477 730 2515 moras.

97 2554 185 2613 Felix
199 2555 379 2634 Hippolyte!
400 2558 480 2614 nuda
493 2557 566 2616 tulit
579 2577 659 2614 arma
670 2558 790 2633 papilla,

138 2655 178 2712 Et
190 2655 269 2712 texit
283 2656 365 2728 galea
379 2655 501 2712 barbara
514 2655 601 2711 molle
616 2659 712 2729 caput.

97 2753 236 2812 Romanis
250 2755 363 2812 utinam
373 2755 537 2830 patuissent
551 2757 644 2812 castra
656 2753 782 2829 puellis!
913 2760 949 2810 45

73 2876 79 2886 ·
137 2853 238 2911 Essem
251 2852 375 2911 militiae
389 2853 502 2911 sarcina
514 2853 573 2910 fida
586 2855 664 2922 tuae,

97 2950 159 3009 Nec
172 2971 219 3010 me
232 2953 384 3010 tardarent
399 2951 537 3028 Scythiae
551 2952 629 3026 iuga,
647 2970 713 3008 cum
727 2951 815 3008 Pater
828 2950 902 3007 altas

139 3050 259 3109 Africus
273 3050 305 3108 in
319 3051 442 3125 glaciem
455 3051 563 3124 frigore
577 3049 671 3107 nectit
685 3069 784 3124 aquas,

100 3147 201 3206 Omnis
216 3169 294 3206 amor
307 3169 439 3223 margunc,
457 3149 506 3207 sed
521 3151 620 3224 aperto
634 3147 666 3204 in
680 3147 801 3220 coniuge
815 3147 923 3206 maior:

140 3247 226 3305 Hanc
240 3249 350 3321 Venus,
367 3251 403 3306 ut
415 3247 506 3318 vivat,
522 3246 648 3304 ventilat
662 3245 725 3321 ipsa
736 3245 839 3303 facem.
915 3251 952 3306 50

102 3345 178 3404 Nam
192 3347 264 3405 mihi
279 3367 336 3423 quo
351 3346 455 3406 Poenis
468 3365 536 3405 aaa
550 3365 679 3421 purpura
693 3345 807 3418 fulgeat
820 3345 904 3405 ostris

501 3463 513 3500 1
528 3449 545 3500 2
