2122 3728
259 219 480 279 PROPERTII
500 220 560 279 En.
576 221 631 295 IV,
649 227 676 281 6.
693 223 719 279 7.
864 226 918 280 125

102 377 217 436 Reddat
231 377 314 452 signa
326 378 429 437 Remi:
451 399 521 437 mox
534 379 616 438 dabit
629 380 692 456 ipse
706 400 766 438 sua.
882 385 919 438 80

31 547 34 551 ι
65 476 132 535 Sive
145 475 259 552 aliquid
271 476 416 552 pharetris
429 478 584 551 Augustus
597 482 698 554 parcet
711 479 789 549 Eois,
818 536 821 542 .

101 574 228 633 Differat
240 573 273 632 in
285 594 391 650 pueros
404 574 461 633 ista
474 580 593 652 tropaea
607 597 683 637 suos.

64 674 171 748 Gaude,
188 674 297 746 Crasse,
314 675 414 748 nigras
428 674 452 732 si
466 675 538 751 quid
551 676 628 752 sapis
642 676 720 751 inter
733 678 876 736 harenas:

100 773 149 831 Ire
162 792 215 848 per
229 772 401 848 Euphraten
415 773 452 830 ad
464 776 518 831 tua
530 774 618 832 busta
633 775 713 834 licet.

63 873 110 931 Sic
123 875 239 931 noctem
252 876 361 947 patera,
378 872 419 930 sic
432 873 536 931 ducam
550 875 685 947 carmine,
702 877 792 934 donec
880 881 916 934 85

102 970 210 1029 Iniciat
222 971 318 1029 radios
330 971 363 1029 in
376 990 441 1030 mea
453 971 524 1030 vina
537 972 608 1031 dies.

463 1169 517 1208 vn.

63 1269 140 1328 Sunt
154 1269 267 1346 aliquid
280 1270 401 1328 Manes:
424 1270 517 1328 letum
530 1289 590 1329 non
604 1271 700 1330 omnia
713 1273 788 1344 finit,

100 1368 268 1445 Luridaque
283 1367 392 1427 euictos
407 1368 513 1442 effugit
525 1371 630 1428 umbra
641 1390 735 1444 rogos.

62 1466 190 1544 Cynthia
202 1488 328 1544 namque
341 1486 405 1526 mec
418 1466 481 1526 visa
494 1471 539 1526 est
551 1467 718 1526 incumbere
731 1468 835 1544 fulcro,

101 1567 236 1625 Murmur
249 1567 285 1624 ad
299 1570 446 1624 extremae
459 1550 554 1642 nuper
566 1567 688 1624 humata
701 1567 774 1639 viae,

61 1665 135 1724 Cum
148 1665 221 1724 mihi
236 1685 352 1724 somnus
366 1667 401 1724 ab
416 1665 549 1742 exequiis
561 1666 702 1740 penderet
715 1686 835 1738 amarus,
896 1673 913 1725 5

100 1764 141 1822 Et
154 1783 292 1840 quererer
303 1763 373 1822 lecti
386 1763 495 1838 frigida
507 1783 598 1837 regna
610 1763 676 1822 mei.

59 1863 187 1921 Eosdem
199 1862 304 1921 habuit
317 1882 423 1934 secum,
440 1861 547 1939 quibus
561 1865 606 1920 est
620 1863 705 1934 elata,
721 1863 848 1940 capillos,

99 1962 223 2020 Eosdem
237 1962 353 2020 oculos:
376 1961 462 2019 lateri
476 1960 566 2019 restis
580 1961 685 2019 adusta
696 1960 765 2034 fuit,

59 2060 100 2119 ut
113 2060 233 2118 solitum
246 2059 338 2134 digito
351 2060 485 2136 beryllon
499 2059 635 2117 adederat
647 2059 733 2134 ignis,

101 2159 276 2235 Summaque
289 2158 436 2216 Lethaeus
449 2156 573 2216 triverat
586 2177 636 2215 ora
648 2158 756 2235 liquor.
876 2166 911 2220 10
992 2163 997 2173 ’

60 2257 261 2334 Spirantisque
275 2257 385 2314 animos
399 2260 429 2315 et
442 2275 543 2314 vocem
555 2256 653 2315 misit:
676 2257 765 2316 atilli

98 2357 257 2416 Pollicibus
269 2356 389 2430 fragiles
402 2355 573 2432 increpuere
587 2377 699 2416 manus.

60 2462 79 2490 “
89 2457 212 2528 Perfide,
227 2477 280 2516 nec
295 2457 431 2533 cuiquam
444 2457 546 2515 melior
559 2459 701 2533 sperande
713 2460 839 2535 puellae,

97 2556 136 2614 In
149 2559 179 2614 te
192 2555 251 2613 iam
264 2555 340 2614 uires
354 2575 471 2613 somnus
484 2556 590 2614 habere
604 2558 725 2630 potest?

58 2657 160 2714 Iamne
174 2657 229 2714 tibi
243 2656 413 2715 exciderunt
427 2655 559 2729 uigilacis
573 2656 656 2715 furta
670 2657 801 2717 Suburae
874 2664 908 2716 15

97 2755 137 2812 Et
150 2773 214 2812 mea
227 2753 378 2812 nocturnis
391 2753 463 2811 trita
475 2753 605 2812 fenestra
618 2755 714 2813 dolis?

57 2852 114 2910 Per
127 2872 215 2929 quam
228 2853 350 2910 demisso
365 2852 500 2928 quotiens
514 2851 570 2909 tibi
582 2852 654 2910 fune
667 2854 802 2930 pependi,

96 2952 221 3010 Alterna
233 2951 353 3009 veniens
366 2949 398 3007 in
411 2952 464 3007 tua
477 2950 552 3008 colla
564 2951 672 3008 manu!

57 3050 148 3126 Saepe
162 3049 262 3109 Venus
275 3049 363 3108 trivio
377 3048 526 3107 commiaaa
539 3051 592 3120 est,
607 3052 723 3124 pectore
737 3048 831 3110 mixto

95 3149 242 3208 Fecerunt
254 3149 368 3226 tepidas
381 3149 472 3224 pallia
484 3152 584 3205 nostra
596 3148 668 3208 vias.
871 3156 908 3211 20

54 3246 192 3307 Foederis
205 3249 263 3306 heu
276 3245 376 3306 taciti!
399 3247 482 3305 cuius
495 3245 614 3305 fallacia
627 3249 715 3308 verba

94 3348 160 3405 Non
174 3348 304 3408 audituri
317 3347 468 3427 diripuere
480 3347 568 3410 Noti.
