2122 3728
402 231 527 290 LIBER
546 231 602 292 IV.
882 232 927 291 lxi

117 392 161 446 ll.
185 394 233 448 31.
248 395 383 448 mutunus
397 389 612 467 uncoquutlibri.
633 390 926 466 nuternionacquctur

73 487 119 545 ed.
162 487 244 547 turba
256 487 468 565 appositionem
480 489 596 547 numeri
608 488 732 565 pluralis
745 492 832 548 amat.

116 591 162 644 ll.
185 592 233 644 34.
254 591 377 662 acceptos
390 587 431 659 H,
447 586 525 658 libri,
541 591 629 647 recte.
671 587 716 645 cf.
728 587 825 646 Plaut.
835 587 923 647 Most.

75 690 101 742 1.
133 691 160 742 3.
190 691 236 743 69.
265 685 424 761 capiundos
453 684 568 743 crines:
597 685 650 743 ubi
678 685 800 744 Festum
824 686 926 745 laudat

72 784 218 843 Weisius:
242 785 318 842 senis
336 783 465 843 crinibus
478 785 622 843 nubentes
642 787 791 856 ornantur,
807 785 885 862 quod
900 785 926 842 is

72 887 195 941 ornatus
213 882 430 941 vetustissimus
441 881 511 941 fuit

115 986 161 1040 11.
184 986 230 1052 39,
253 985 300 1040 40.
323 981 448 1056 Egregie
471 981 508 1040 de
529 982 584 1040 hoc
610 980 674 1041 loco
696 982 859 1058 disputavit
882 982 923 1043 H.

71 1082 109 1138 A.
132 1081 158 1138 I.
178 1080 286 1138 Munro
308 1079 341 1138 in
363 1079 485 1140 Journal
501 1081 536 1156 of
552 1080 709 1157 Phratou,
731 1081 789 1140 vol.
812 1082 852 1141 vi.
873 1101 922 1157 pp.

73 1183 181 1235 53-62.

111 1277 170 1335 Ille
182 1280 269 1353 putat
286 1277 359 1335 duos
372 1297 473 1336 versus
486 1277 519 1335 in
532 1279 691 1356 archetypo
704 1277 846 1337 excidisse
858 1279 939 1354 post'

71 1381 119 1447 38,
136 1377 212 1434 hanc
225 1375 274 1434 vel
287 1375 411 1434 similem
423 1375 546 1434 formam
558 1377 717 1436 habentes:

149 1526 192 1584 Et
204 1528 256 1602 quu'
268 1527 450 1587 contuderunt
462 1529 567 1585 onlnca
573 1529 712 1603 pugnacis
724 1527 832 1586 Ho'toro'
909 1519 911 1525 ’

188 1625 427 1703 Hannibalemque
440 1626 527 1685 onmia
539 1626 761 1703 Antiochumque
772 1628 841 1685 auur.

69 1785 146 1844 Tum
169 1785 202 1843 in
221 1789 259 1843 40
281 1784 450 1859 Herculem,
479 1789 635 1863 paternum
660 1805 800 1862 proavum
826 1787 923 1846 Mace·

67 1884 171 1942 doniae
200 1903 312 1958 regum,
344 1889 380 1943 ut
406 1885 524 1959 gloriari
551 1886 692 1958 solebant,
721 1886 863 1959 agnoseit,
893 1891 923 1945 et

68 2002 187 2041 versum
201 1982 245 2041 ita
257 1983 408 2042 rescribit:

148 2122 265 2199 Quique
278 2126 345 2181 tuas
358 2142 483 2199 proavus
496 2123 596 2198 fregit,
611 2125 728 2196 Acarna,
744 2123 851 2183 domos.

67 2263 164 2320 Paene
177 2261 304 2321 adducor
316 2266 352 2321 ut
365 2263 518 2321 admittam
530 2262 651 2322 Aoorne.
687 2263 745 2322 sed
757 2263 804 2321 vir
816 2263 921 2322 doetis-

67 2361 157 2418 simus
166 2380 226 2419 non
239 2361 361 2436 negabit
369 2381 486 2420 versum
500 2365 576 2420 stare
585 2382 668 2437 posse
683 2381 741 2439 quo
755 2363 839 2420 modo
852 2363 921 2421 libri

67 2458 203 2518 nonnulli
216 2458 366 2518 exhibent.
402 2459 555 2519 Sententia
567 2460 692 2519 duorum
704 2481 843 2521 versuum
856 2466 918 2520 est:

67 2558 169 2617 Testor
181 2557 299 2631 Persen,
322 2561 433 2618 etcum
453 2559 506 2636 qui
518 2560 627 2618 Persen
646 2558 728 2619 vicit.
770 2560 836 2618 Duo
850 2561 919 2618 Pro-

66 2657 155 2734 pertii
167 2657 285 2734 propria
297 2658 329 2717 in
348 2662 386 2717 40
399 2659 677 2747 insuntg-primum,
694 2659 772 2737 quod
786 2659 822 2717 ad
835 2678 919 2717 voea-

65 2756 161 2814 tivum
179 2760 266 2832 poeta
279 2755 375 2816 subite
394 2758 518 2817 transit:
541 2759 675 2829 alterum,
698 2756 776 2834 quod
793 2756 920 2815 ablativo

66 2875 118 2913 suc
136 2875 215 2915 more
233 2854 338 2928 utitur,
354 2858 389 2914 ut
406 2856 505 2934 Argoo
518 2856 639 2915 columba
661 2861 688 2916 3.
703 2861 752 2915 22.
776 2861 821 2928 13,
837 2857 920 2914 rente

64 2957 179 3015 Latinio
200 2960 228 3016 4.
245 2961 272 3014 6.
288 2960 325 3014 45
347 2959 377 3015 et
395 2956 511 3039 passim.
546 2957 606 3016 Hie
625 2960 728 3016 verte:
753 2957 785 3016 in
805 2958 877 3032 epila
891 2957 925 3031 of

66 3055 115 3130 toy
129 3056 234 3114 aaron
240 3056 319 3132 fron
331 3056 466 3116 Achillae.

107 3159 153 3214 ll.
176 3158 223 3212 53.
246 3155 323 3213 culus
336 3174 412 3214 rosor
426 3155 507 3213 codd.
522 3152 651 3213 melioris
663 3156 760 3212 notae.
789 3153 836 3212 ouu'
848 3171 917 3210 oon-

66 3254 160 3311 mucor
173 3252 255 3313 codd.
269 3253 453 3312 recentiores.

108 3355 154 3412 11.
177 3354 224 3408 66.
246 3350 426 3428 Interpnnxi
456 3354 522 3428 poet
547 3351 626 3428 scoto
657 3369 724 3409 cum
751 3350 814 3409 edd.
843 3353 916 3408 vett.
